
  
  
  
  
  
  
  
  
  
 
  
  <record xsi:schemaLocation="http://www.loc.gov/MARC21/slim http://www.loc.gov/standards/marcxml/schema/MARC21slim.xsd">
      <leader>00000cam a22     Ii 4500</leader>
      <controlfield tag="FMT">BK</controlfield>
      <controlfield tag="LDR">00000cam a22     Ii 4500</controlfield>
      <controlfield tag="001">006324152</controlfield>
      <controlfield tag="005">20180907124529.0</controlfield>
      <controlfield tag="008">180905s2017    be ab    b    001 0 eng d</controlfield>
      <datafield tag="020" ind1=" " ind2=" ">
         <subfield code="a">9789042933279</subfield>
         <subfield code="q">(paperback)</subfield>
      </datafield>
      <datafield tag="020" ind1=" " ind2=" ">
         <subfield code="a">9042933275</subfield>
         <subfield code="q">(paperback)</subfield>
      </datafield>
      <datafield tag="024" ind1="3" ind2=" ">
         <subfield code="a">9789042933279</subfield>
      </datafield>
      <datafield tag="035" ind1=" " ind2=" ">
         <subfield code="a">(OCoLC)993855847</subfield>
      </datafield>
      <datafield tag="040" ind1=" " ind2=" ">
         <subfield code="a">OHX</subfield>
         <subfield code="b">eng</subfield>
         <subfield code="e">rda</subfield>
         <subfield code="c">OHX</subfield>
         <subfield code="d">OCLCO</subfield>
         <subfield code="d">VU@</subfield>
         <subfield code="d">AUXAM</subfield>
         <subfield code="d">OSU</subfield>
         <subfield code="d">OCLCO</subfield>
         <subfield code="d">CUS</subfield>
         <subfield code="d">OCL</subfield>
         <subfield code="d">UAB</subfield>
         <subfield code="d">VA@</subfield>
         <subfield code="d">UAB</subfield>
         <subfield code="d">MUU</subfield>
         <subfield code="d">EQO</subfield>
         <subfield code="d">MNU</subfield>
         <subfield code="d">VA@</subfield>
         <subfield code="d">IPS</subfield>
         <subfield code="d">PAU</subfield>
         <subfield code="d">EUM</subfield>
         <subfield code="d">SHS</subfield>
         <subfield code="d">ZCU</subfield>
         <subfield code="d">OCLCQ</subfield>
         <subfield code="d">TYC</subfield>
         <subfield code="d">YDX</subfield>
         <subfield code="d">DHA</subfield>
         <subfield code="d">MUX</subfield>
         <subfield code="d">IUL</subfield>
         <subfield code="d">EZ9</subfield>
         <subfield code="d">AUD</subfield>
         <subfield code="d">J9U</subfield>
         <subfield code="d">OCLCQ</subfield>
         <subfield code="d">CUY</subfield>
         <subfield code="d">UPM</subfield>
         <subfield code="d">OCLCQ</subfield>
         <subfield code="d">L2U</subfield>
         <subfield code="d">NGU</subfield>
         <subfield code="d">DDO</subfield>
         <subfield code="d">UBC</subfield>
         <subfield code="d">OCLCQ</subfield>
         <subfield code="d">NDD</subfield>
         <subfield code="d">OCLCQ</subfield>
         <subfield code="d">OCLCA</subfield>
         <subfield code="d">ZYU</subfield>
      </datafield>
      <datafield tag="043" ind1=" " ind2=" ">
         <subfield code="a">a-sy---</subfield>
         <subfield code="a">aw-----</subfield>
      </datafield>
      <datafield tag="050" ind1=" " ind2="4">
         <subfield code="a">DS96.2</subfield>
         <subfield code="b">.E54 2017</subfield>
      </datafield>
      <datafield tag="072" ind1=" " ind2="7">
         <subfield code="a">DS</subfield>
         <subfield code="2">lcco</subfield>
      </datafield>
      <datafield tag="079" ind1=" " ind2=" ">
         <subfield code="a">(OCoLC)993855847</subfield>
      </datafield>
      <datafield tag="082" ind1="0" ind2="4">
         <subfield code="a">930</subfield>
      </datafield>
      <datafield tag="084" ind1=" " ind2=" ">
         <subfield code="a">935.062</subfield>
         <subfield code="2">23</subfield>
      </datafield>
      <datafield tag="100" ind1="1" ind2=" ">
         <subfield code="a">Engels, David,</subfield>
         <subfield code="e">author.</subfield>
      </datafield>
      <datafield tag="245" ind1="1" ind2="0">
         <subfield code="a">Benefactors, kings, rulers :</subfield>
         <subfield code="b">studies on the Seleukid Empire between East and West /</subfield>
         <subfield code="c">by David Engels.</subfield>
      </datafield>
      <datafield tag="264" ind1=" " ind2="1">
         <subfield code="a">Leuven :</subfield>
         <subfield code="b">Peeters,</subfield>
         <subfield code="c">2017.</subfield>
      </datafield>
      <datafield tag="264" ind1=" " ind2="4">
         <subfield code="c">©2017</subfield>
      </datafield>
      <datafield tag="300" ind1=" " ind2=" ">
         <subfield code="a">xiii, 603 pages :</subfield>
         <subfield code="b">illustrations, map ;</subfield>
         <subfield code="c">24 cm.</subfield>
      </datafield>
      <datafield tag="336" ind1=" " ind2=" ">
         <subfield code="a">text</subfield>
         <subfield code="b">txt</subfield>
         <subfield code="2">rdacontent</subfield>
      </datafield>
      <datafield tag="337" ind1=" " ind2=" ">
         <subfield code="a">unmediated</subfield>
         <subfield code="b">n</subfield>
         <subfield code="2">rdamedia</subfield>
      </datafield>
      <datafield tag="338" ind1=" " ind2=" ">
         <subfield code="a">volume</subfield>
         <subfield code="b">nc</subfield>
         <subfield code="2">rdacarrier</subfield>
      </datafield>
      <datafield tag="490" ind1="1" ind2=" ">
         <subfield code="a">Studia Hellenistica ;</subfield>
         <subfield code="v">57</subfield>
      </datafield>
      <datafield tag="504" ind1=" " ind2=" ">
         <subfield code="a">Includes bibliographical references (pages 517-580) and index.</subfield>
      </datafield>
      <datafield tag="505" ind1="0" ind2=" ">
         <subfield code="a">Benefactors of the Greeks, Kings of the Macedonians and Rulers over as many Barbarians as possible? Reassessing the Seleukid Empire -- Middle Eastern 'Feudalism' and Seleukid Dissolution -- Some Reflections on the Use of the Titles 'Great King' and 'King of Kings' from the 3rd to the 1st Century BC -- The Achaimenid and the Seleukid Court: Continuity or Change? -- Conquest and Administration: The 'Upper Satrapies' under the Early Seleukids -- Creating a New Empire: Colonisation, Syncretism, Exploration and Defence -- Apama, the Fire Sanctuary of Antiocheia and the Persian Feast of Damaskos: The Early Seleukids and the Religions of Iran -- A New Frataraka Chronology -- Antiochos III the Great and His Empire: Some Thoughts on the 'Feudalisation' of the Seleukid Periphery -- The Gymnasion of Jerusalem and the Revolt of the Maccabees: Sports, Religion and Politics -- A Syrian Sicily? Seleukid Aspects of the First Sicilian Slave War and the Reign of Eunous-Antiochos -- The Civic Elites of the Colonies of the Syrian Tetrapolis between Seleukids, Armenians, Parthians and Romans -- Prodigies and Religious Propaganda: Seleukos and Augustus -- The Man Who Would Be King: 19th Century Colonialism and the Construction of the Hellenistic Empires. An (Im)possible Comparison?</subfield>
      </datafield>
      <datafield tag="520" ind1=" " ind2=" ">
         <subfield code="a">"The present volume contains a series of critical studies devoted to the political, institutional and ideological construction of the Seleukid empire, with particular focus on the complex interplay between the Seleukids' Graeco-Macedonian background and their Achaimenid heritage. In order to explore to what extend the Seleukids can be considered heirs to the Achaimenids and precursors of the Parthians, and to what extent they simply 'imported' cultural and political behavioural patterns developed in Greece and Macedonia, the studies collected here adopt a decidedly interdisciplinary and diachronic approach. They investigate diverse fields, including the construction of the Seleukid royal court; the title of 'Great King'; the prosopography of early Seleukid Iran; the integration of the 'Upper Satrapies' into the new Seleukid empire; the continued importance of the Iranian religions under the early Seleukids; the reign of the Persian Frataraka; the 'feudalisation' of the Seleukid empire under Antiochos III; the construction of a Hellenistic gymnasion in Seleukid Jerusalem; the importance of the Seleukid kingdom as a model for Eunous' Sicilian slave-state; the evolution of the Syrian civic elite; and the potential influence of Seleukos' royal propaganda on the religious self-legitimation of Augustus. Finally, a general comparison is proposed between the Seleukid empire and 19th century European colonialism."--</subfield>
         <subfield code="c">Publisher's website.</subfield>
      </datafield>
      <datafield tag="650" ind1=" " ind2="0">
         <subfield code="a">Seleucids.</subfield>
      </datafield>
      <datafield tag="651" ind1=" " ind2="0">
         <subfield code="a">Syria</subfield>
         <subfield code="x">Kings and rulers.</subfield>
      </datafield>
      <datafield tag="651" ind1=" " ind2="0">
         <subfield code="a">Syria</subfield>
         <subfield code="x">History</subfield>
         <subfield code="y">333 B.C.-634 A.D.</subfield>
      </datafield>
      <datafield tag="651" ind1=" " ind2="0">
         <subfield code="a">Middle East</subfield>
         <subfield code="x">History</subfield>
         <subfield code="y">To 622.</subfield>
      </datafield>
      <datafield tag="651" ind1=" " ind2="7">
         <subfield code="a">Seleucid Empire.</subfield>
         <subfield code="2">pleiades</subfield>
         <subfield code="0">https://pleiades.stoa.org/places/45635759</subfield>
      </datafield>
      <datafield tag="650" ind1=" " ind2="7">
         <subfield code="a">Kings and rulers.</subfield>
         <subfield code="2">fast</subfield>
         <subfield code="0">(OCoLC)fst00987694</subfield>
      </datafield>
      <datafield tag="650" ind1=" " ind2="7">
         <subfield code="a">Seleucids.</subfield>
         <subfield code="2">fast</subfield>
         <subfield code="0">(OCoLC)fst01111439</subfield>
      </datafield>
      <datafield tag="651" ind1=" " ind2="7">
         <subfield code="a">Middle East.</subfield>
         <subfield code="2">fast</subfield>
         <subfield code="0">(OCoLC)fst01241586</subfield>
      </datafield>
      <datafield tag="651" ind1=" " ind2="7">
         <subfield code="a">Syria.</subfield>
         <subfield code="2">fast</subfield>
         <subfield code="0">(OCoLC)fst01208757</subfield>
      </datafield>
      <datafield tag="648" ind1=" " ind2="7">
         <subfield code="a">To 634</subfield>
         <subfield code="2">fast</subfield>
      </datafield>
      <datafield tag="655" ind1=" " ind2="7">
         <subfield code="a">History.</subfield>
         <subfield code="2">fast</subfield>
         <subfield code="0">(OCoLC)fst01411628</subfield>
      </datafield>
      <datafield tag="830" ind1=" " ind2="0">
         <subfield code="a">Studia Hellenistica ;</subfield>
         <subfield code="v">57.</subfield>
      </datafield>
      <datafield tag="OWN" ind1=" " ind2=" ">
         <subfield code="a">GENERAL</subfield>
      </datafield>
      <datafield tag="AVA" ind1=" " ind2=" ">
         <subfield code="a">NYU50</subfield>
         <subfield code="b">NISAW</subfield>
         <subfield code="c">Small Collection</subfield>
         <subfield code="d">DS96.2 .E54 2017 Non-circulating</subfield>
         <subfield code="e">unavailable</subfield>
         <subfield code="t">Unavailable</subfield>
         <subfield code="f">1</subfield>
         <subfield code="g">1</subfield>
         <subfield code="h">N</subfield>
         <subfield code="i">0</subfield>
         <subfield code="j">SMALL</subfield>
         <subfield code="k">0</subfield>
      </datafield>
      <marc:datafield tag="852" ind1=" " ind2=" ">
         <marc:subfield code="b">Institute for the Study of the Ancient World, </marc:subfield>
         <marc:subfield code="c">Small Collection</marc:subfield>
         <marc:subfield code="e">15 East 84th St., </marc:subfield>
         <marc:subfield code="e">New York, NY  10028</marc:subfield>
      </marc:datafield>
   </record>