
  
  
  
  
  
  
  
  
  
  
  
 
  
  <record xsi:schemaLocation="http://www.loc.gov/MARC21/slim http://www.loc.gov/standards/marcxml/schema/MARC21slim.xsd">
      <leader>00000cam a2200469Ii 4500</leader>
      <controlfield tag="FMT">BK</controlfield>
      <controlfield tag="LDR">00000cam a2200469Ii 4500</controlfield>
      <controlfield tag="001">006324191</controlfield>
      <controlfield tag="003">OCoLC</controlfield>
      <controlfield tag="005">20180907123152.0</controlfield>
      <controlfield tag="008">170106s2016    fr ab    b    001 0 fre d</controlfield>
      <datafield tag="035" ind1=" " ind2=" ">
         <subfield code="a">(OCoLC)967752155</subfield>
      </datafield>
      <datafield tag="040" ind1=" " ind2=" ">
         <subfield code="a">AU@</subfield>
         <subfield code="b">eng</subfield>
         <subfield code="c">AU@</subfield>
         <subfield code="e">rda</subfield>
         <subfield code="d">OCLCO</subfield>
         <subfield code="d">OCLCF</subfield>
         <subfield code="d">ZYU</subfield>
      </datafield>
      <datafield tag="041" ind1=" " ind2=" ">
         <subfield code="a">fre</subfield>
         <subfield code="a">eng</subfield>
      </datafield>
      <datafield tag="050" ind1=" " ind2="4">
         <subfield code="a">DT115</subfield>
         <subfield code="b">.A73 no 26 2016</subfield>
      </datafield>
      <datafield tag="050" ind1=" " ind2="4">
         <subfield code="a">JC51</subfield>
         <subfield code="b">.N35 2016</subfield>
      </datafield>
      <datafield tag="079" ind1=" " ind2=" ">
         <subfield code="a">(OCoLC)967752155</subfield>
      </datafield>
      <datafield tag="245" ind1="0" ind2="0">
         <subfield code="a">Naissance de l'état, naissance de l'administration :</subfield>
         <subfield code="b">le rôle de l'écriture en Égypte, au Proche-Orient et en Chine = Emergence of the state and development of the administration : the role of writing in Egypt, Near East and China.</subfield>
      </datafield>
      <datafield tag="246" ind1="3" ind2="3">
         <subfield code="a">Emergence of the state and development of the administration :</subfield>
         <subfield code="b">the role of writing in Egypt, Near East and China.</subfield>
      </datafield>
      <datafield tag="264" ind1=" " ind2="1">
         <subfield code="a">Paris</subfield>
         <subfield code="b">Cybele,</subfield>
         <subfield code="c">2016</subfield>
      </datafield>
      <datafield tag="300" ind1=" " ind2=" ">
         <subfield code="a">230 pages :</subfield>
         <subfield code="b">illustrations, maps ;</subfield>
         <subfield code="c">30 cm.</subfield>
      </datafield>
      <datafield tag="336" ind1=" " ind2=" ">
         <subfield code="a">text</subfield>
         <subfield code="2">rdacontent</subfield>
      </datafield>
      <datafield tag="336" ind1=" " ind2=" ">
         <subfield code="a">still image</subfield>
         <subfield code="2">rdacontent</subfield>
      </datafield>
      <datafield tag="336" ind1=" " ind2=" ">
         <subfield code="a">cartographic image</subfield>
         <subfield code="2">rdacontent</subfield>
      </datafield>
      <datafield tag="337" ind1=" " ind2=" ">
         <subfield code="a">unmediated</subfield>
         <subfield code="2">rdamedia</subfield>
      </datafield>
      <datafield tag="338" ind1=" " ind2=" ">
         <subfield code="a">volume</subfield>
         <subfield code="2">rdacarrier</subfield>
      </datafield>
      <datafield tag="490" ind1="1" ind2=" ">
         <subfield code="a">Archéo-Nil: revue de la société pour l'étude des cultures prépharaoniques de la vallée du Nil,</subfield>
         <subfield code="x">1161-0492 ;</subfield>
         <subfield code="v">numéro 26</subfield>
      </datafield>
      <datafield tag="546" ind1=" " ind2=" ">
         <subfield code="a">French and English.</subfield>
      </datafield>
      <datafield tag="500" ind1=" " ind2=" ">
         <subfield code="a">"Juin 2016".</subfield>
      </datafield>
      <datafield tag="504" ind1=" " ind2=" ">
         <subfield code="a">Includes bibliographical references and index.</subfield>
      </datafield>
      <datafield tag="505" ind1="0" ind2="0">
         <subfield code="t">Introduction /</subfield>
         <subfield code="r">Béatrix Midant-Reynes --</subfield>
         <subfield code="t">The Origins of administrative practices and their developments in Greater Mesopotamia. The evidence from Arslantepe /</subfield>
         <subfield code="r">Marcella Frangipane --</subfield>
         <subfield code="t">Uruk: Early Administration Practices and the Development of Proto-Cuneiform Writing /</subfield>
         <subfield code="r">Hans Nissen --</subfield>
         <subfield code="t">Tablets, Sealings and Weights at Ebla: Administrative and Economic Procedures at the beginning of the Archaic State in Syria /</subfield>
         <subfield code="r">Luca Peyronel --</subfield>
         <subfield code="t">The Proto-Elamite Writing in Iran /</subfield>
         <subfield code="r">François Desset --</subfield>
         <subfield code="t">La naissance de l'écriture dans l'Égypte pharaonique : une problématique revisitée /</subfield>
         <subfield code="r">Pascal Vernus --</subfield>
         <subfield code="t">Administrative Reach and Documentary Coverage in Ancient States /</subfield>
         <subfield code="r">Wang Haicheng --</subfield>
         <subfield code="t">Early writing, archaic states and nascent administration: ancient Egypt in context (late 4th-early 3rd millennium BC) /</subfield>
         <subfield code="r">Juan Carlos Moreno-Garcia --</subfield>
         <subfield code="t">Aux origines de l'exploitation pharaonique des carrières d'Assouan? Retour sur la lecture de l'inscription du bas-relief de Nag el-Hamdulab (NH 7, tableau 7a) /</subfield>
         <subfield code="r">Matthieu Begon --</subfield>
         <subfield code="t">Enlightening the Enduring Engravings: The Expeditions of Raneb /</subfield>
         <subfield code="r">Caleb Hamilton --</subfield>
         <subfield code="t">Bibliography of the Prehistory and the Early Dynastic Period of Egypt and Northern Sudan. 2016 Addition /</subfield>
         <subfield code="r">Stan Hendrickx &amp; Wouter Claes --</subfield>
         <subfield code="t">À propos de Angela Sophia La Loggia, Engineering and Construction in Egypt's Early Dynastic Period, Peeters, Orientalia Lovaniensia Analecta 239. Leuven, Paris, Bristol, CT, 2015. /</subfield>
         <subfield code="r">Olivier Rochecouste --</subfield>
         <subfield code="t">À propos de Frank Förster &amp; Heiko Riemer (eds), Desert Road Archaeology in Ancient Egypt and Beyond, Heinrich-Barth Institut, Africa Praehistorica 27. Cologne, 2013. /</subfield>
         <subfield code="r">Yann Tristant --</subfield>
         <subfield code="t">À propos de Pierre Tallet, La zone minière pharaonique du Sud-Sinaï II. Les inscriptions pré- et protodynastiques du Ouadi 'Ameyra (CCIS nos 273-335), Institut français d'archéologie orientale, Mémoires de l'Institut Français d'Archéologie Orientale 132. Le Caire, 2015. /</subfield>
         <subfield code="r">Yann Tristant.</subfield>
      </datafield>
      <datafield tag="650" ind1=" " ind2="0">
         <subfield code="a">State, The</subfield>
         <subfield code="x">History.</subfield>
      </datafield>
      <datafield tag="650" ind1=" " ind2="0">
         <subfield code="a">Writing</subfield>
         <subfield code="z">Egypt</subfield>
         <subfield code="x">History.</subfield>
      </datafield>
      <datafield tag="650" ind1=" " ind2="0">
         <subfield code="a">Writing</subfield>
         <subfield code="z">Middle East</subfield>
         <subfield code="x">History.</subfield>
      </datafield>
      <datafield tag="650" ind1=" " ind2="0">
         <subfield code="a">Writing</subfield>
         <subfield code="z">China</subfield>
         <subfield code="x">History.</subfield>
      </datafield>
      <datafield tag="650" ind1=" " ind2="7">
         <subfield code="a">State, The.</subfield>
         <subfield code="2">fast</subfield>
         <subfield code="0">(OCoLC)fst01131943</subfield>
      </datafield>
      <datafield tag="650" ind1=" " ind2="7">
         <subfield code="a">Writing.</subfield>
         <subfield code="2">fast</subfield>
         <subfield code="0">(OCoLC)fst01181638</subfield>
      </datafield>
      <datafield tag="651" ind1=" " ind2="7">
         <subfield code="a">China.</subfield>
         <subfield code="2">fast</subfield>
         <subfield code="0">(OCoLC)fst01206073</subfield>
      </datafield>
      <datafield tag="651" ind1=" " ind2="7">
         <subfield code="a">Egypt.</subfield>
         <subfield code="2">fast</subfield>
         <subfield code="0">(OCoLC)fst01208755</subfield>
      </datafield>
      <datafield tag="651" ind1=" " ind2="7">
         <subfield code="a">Middle East.</subfield>
         <subfield code="2">fast</subfield>
         <subfield code="0">(OCoLC)fst01241586</subfield>
      </datafield>
      <datafield tag="655" ind1=" " ind2="7">
         <subfield code="a">History.</subfield>
         <subfield code="2">fast</subfield>
         <subfield code="0">(OCoLC)fst01411628</subfield>
      </datafield>
      <datafield tag="830" ind1=" " ind2="0">
         <subfield code="a">Archéo-Nil ;</subfield>
         <subfield code="v">numéro 26</subfield>
      </datafield>
      <datafield tag="OWN" ind1=" " ind2=" ">
         <subfield code="a">GENERAL</subfield>
      </datafield>
      <datafield tag="AVA" ind1=" " ind2=" ">
         <subfield code="a">NYU50</subfield>
         <subfield code="b">NISAW</subfield>
         <subfield code="c">Large Collection</subfield>
         <subfield code="d">JC51 .N35 2016 Non-circulating</subfield>
         <subfield code="e">available</subfield>
         <subfield code="t">Available</subfield>
         <subfield code="f">1</subfield>
         <subfield code="g">0</subfield>
         <subfield code="h">N</subfield>
         <subfield code="i">0</subfield>
         <subfield code="j">LARGE</subfield>
         <subfield code="k">0</subfield>
      </datafield>
      <marc:datafield tag="852" ind1=" " ind2=" ">
         <marc:subfield code="b">Institute for the Study of the Ancient World, </marc:subfield>
         <marc:subfield code="c">Large Collection</marc:subfield>
         <marc:subfield code="e">15 East 84th St., </marc:subfield>
         <marc:subfield code="e">New York, NY  10028</marc:subfield>
      </marc:datafield>
   </record>