
  
  
  
  
  
  
  
  
  
  
  
  
 
  
  <record xsi:schemaLocation="http://www.loc.gov/MARC21/slim http://www.loc.gov/standards/marcxml/schema/MARC21slim.xsd">
      <leader>00000cam a22      i 4500</leader>
      <controlfield tag="FMT">BK</controlfield>
      <controlfield tag="LDR">00000cam a22      i 4500</controlfield>
      <controlfield tag="001">006324159</controlfield>
      <controlfield tag="005">20180907124024.0</controlfield>
      <controlfield tag="008">180905t20172017gw af    b    001 0 ger c</controlfield>
      <datafield tag="016" ind1="7" ind2=" ">
         <subfield code="a">1139207210</subfield>
         <subfield code="2">DE-101</subfield>
      </datafield>
      <datafield tag="020" ind1=" " ind2=" ">
         <subfield code="a">9783506788634</subfield>
         <subfield code="q">(pbk.)</subfield>
      </datafield>
      <datafield tag="020" ind1=" " ind2=" ">
         <subfield code="a">3506788639</subfield>
         <subfield code="q">(pbk.)</subfield>
      </datafield>
      <datafield tag="024" ind1="3" ind2=" ">
         <subfield code="a">9783506788634</subfield>
      </datafield>
      <datafield tag="035" ind1=" " ind2=" ">
         <subfield code="a">(OCoLC)1004659132</subfield>
         <subfield code="z">(OCoLC)1005316855</subfield>
      </datafield>
      <datafield tag="040" ind1=" " ind2=" ">
         <subfield code="a">OHX</subfield>
         <subfield code="b">eng</subfield>
         <subfield code="e">rda</subfield>
         <subfield code="c">OHX</subfield>
         <subfield code="d">EYM</subfield>
         <subfield code="d">CUY</subfield>
         <subfield code="d">OCLCF</subfield>
         <subfield code="d">UBY</subfield>
         <subfield code="d">YDX</subfield>
         <subfield code="d">OCL</subfield>
         <subfield code="d">STF</subfield>
         <subfield code="d">IUL</subfield>
         <subfield code="d">UEJ</subfield>
         <subfield code="d">ZCU</subfield>
         <subfield code="d">MUU</subfield>
         <subfield code="d">OCLCQ</subfield>
         <subfield code="d">OCLCO</subfield>
         <subfield code="d">NNU</subfield>
      </datafield>
      <datafield tag="042" ind1=" " ind2=" ">
         <subfield code="a">pcc</subfield>
      </datafield>
      <datafield tag="043" ind1=" " ind2=" ">
         <subfield code="a">f-ua---</subfield>
      </datafield>
      <datafield tag="050" ind1=" " ind2="4">
         <subfield code="a">PA3318 .B85</subfield>
         <subfield code="b">V44 2017</subfield>
      </datafield>
      <datafield tag="072" ind1=" " ind2="7">
         <subfield code="a">PA</subfield>
         <subfield code="2">lcco</subfield>
      </datafield>
      <datafield tag="072" ind1=" " ind2="7">
         <subfield code="a">DT</subfield>
         <subfield code="2">lcco</subfield>
      </datafield>
      <datafield tag="072" ind1=" " ind2="7">
         <subfield code="a">DG</subfield>
         <subfield code="2">lcco</subfield>
      </datafield>
      <datafield tag="079" ind1=" " ind2=" ">
         <subfield code="a">(OCoLC)1004659132</subfield>
      </datafield>
      <datafield tag="100" ind1="1" ind2=" ">
         <subfield code="a">Vega, Natalia,</subfield>
         <subfield code="e">author.</subfield>
      </datafield>
      <datafield tag="245" ind1="1" ind2="4">
         <subfield code="a">Die Acta Alexandrinorum im Lichte neuerer und neuester Papyrusfunde /</subfield>
         <subfield code="c">von Natalia Vega Navarrete.</subfield>
      </datafield>
      <datafield tag="264" ind1=" " ind2="1">
         <subfield code="a">Paderborn :</subfield>
         <subfield code="b">Velag Ferdinand Schöningh, ein Imprint der Brill-Gruppe,</subfield>
         <subfield code="c">[2017]</subfield>
      </datafield>
      <datafield tag="264" ind1=" " ind2="4">
         <subfield code="c">©2017</subfield>
      </datafield>
      <datafield tag="300" ind1=" " ind2=" ">
         <subfield code="a">xii, 385 pages, iv pages of plates :</subfield>
         <subfield code="b">illustrations ;</subfield>
         <subfield code="c">25 cm.</subfield>
      </datafield>
      <datafield tag="336" ind1=" " ind2=" ">
         <subfield code="a">text</subfield>
         <subfield code="b">txt</subfield>
         <subfield code="2">rdacontent</subfield>
      </datafield>
      <datafield tag="336" ind1=" " ind2=" ">
         <subfield code="a">still image</subfield>
         <subfield code="b">sti</subfield>
         <subfield code="2">rdacontent</subfield>
      </datafield>
      <datafield tag="337" ind1=" " ind2=" ">
         <subfield code="a">unmediated</subfield>
         <subfield code="b">n</subfield>
         <subfield code="2">rdamedia</subfield>
      </datafield>
      <datafield tag="338" ind1=" " ind2=" ">
         <subfield code="a">volume</subfield>
         <subfield code="b">nc</subfield>
         <subfield code="2">rdacarrier</subfield>
      </datafield>
      <datafield tag="490" ind1="1" ind2=" ">
         <subfield code="a">Abhandlungen der Nordrhein-Westfälischen Akademie der Wissenschaften. Sonderreihe Papyrologica Coloniensia,</subfield>
         <subfield code="x">0944-8837 ;</subfield>
         <subfield code="v">vol. XL</subfield>
      </datafield>
      <datafield tag="500" ind1=" " ind2=" ">
         <subfield code="a">Academy publication.</subfield>
      </datafield>
      <datafield tag="500" ind1=" " ind2=" ">
         <subfield code="a">Publication of the author's doctoral thesis, Universität Köln, 2014.</subfield>
      </datafield>
      <datafield tag="504" ind1=" " ind2=" ">
         <subfield code="a">Includes bibliographical references and indexes.</subfield>
      </datafield>
      <datafield tag="505" ind1="0" ind2="0">
         <subfield code="g">Zeichenerklärung --</subfield>
         <subfield code="g">Abgekürzt zitierte Literatur --</subfield>
         <subfield code="g">Einleitung --</subfield>
         <subfield code="t">Vorgeschichte : Private Kopien von Protokollen alexandrinischer Gesandtschaften in Rom --</subfield>
         <subfield code="t">P. Oxy. XLII 3020 Recto : Alexandrinische Gesandte vor Augustus --</subfield>
         <subfield code="t">P. Oxy. XXV 2435 Verso : Bericht über eine alexandrinische Gesandtschaft an Kaiser Augustus in Rom --</subfield>
         <subfield code="t">P. Oxy. XLII 3021 Verso : Alexandrinische Gesandte vor einem Kaiser in Rom --</subfield>
         <subfield code="t">Die Acta Alexandrinorum --</subfield>
         <subfield code="t">P. Bibl. Univ. Giss. 46 (Inv. 308) + P. Yale II 107 (Inv. 1385) Recto : Eulalos und Areios vor Kaiser Caligula --</subfield>
         <subfield code="t">BKT IX 64 Verso : Theon und Balbillus an den Kaiser? --</subfield>
         <subfield code="t">Acta Isidori : Audienz des Isidoras vor Kaiser Claudius --</subfield>
         <subfield code="t">Isidoras und Lampon vor Kaiser Claudius --</subfield>
         <subfield code="t">P. Berl. inv. 8877 Verso : Diskussion zwischen Isidoras, Balbillus und Agrippa --</subfield>
         <subfield code="t">P. Harris II 240 Verso : die Verteidigung des Hermias vor Kaiser Titus --</subfield>
         <subfield code="t">P. Oxy. X 1242 Verso : Hermaiskos vor Kaiser Trajan --</subfield>
         <subfield code="t">P. Oxy. XVIII 2177 Recto : Athenische Gesandte vor einem Kaiser in Vertretung Alexandriens --</subfield>
         <subfield code="t">Paulos und Antoninos vor Kaiser Hadrian --</subfield>
         <subfield code="t">Version A: P. Paris 68 + P. Lond. Lit. 118 --</subfield>
         <subfield code="t">Version B: BGU I 341 --</subfield>
         <subfield code="t">P. Yale inv. 1536 + P. Oxy. I 33 (P. Lond. inv. 2435) Verso : Appianos vor Kaiser Commodus --</subfield>
         <subfield code="t">P. Jena inv. 58 Recto : Hermeias vor einem Kaiser --</subfield>
         <subfield code="t">Anhang --</subfield>
         <subfield code="t">Rhetorisches --</subfield>
         <subfield code="t">P. Oxy. XX 2264 Verso : Verteidigung eines Verbannten vor dem Kaiser --</subfield>
         <subfield code="t">PSI XI 1222 Recto : Verteidigung des Didymus vor einem Kaiser --</subfield>
         <subfield code="t">Romanhaftes --</subfield>
         <subfield code="t">P. Oxy. VIII 1089 Verso : Treffen des Dionysius und Isidoras mit Flaccus im Sarapistempel --</subfield>
         <subfield code="t">P. Mich. inv. 4800 Recto : Klage wegen Unrecht gegen Kinder und Jünglinge --</subfield>
         <subfield code="t">Unsichere und unbestimmte Texte --</subfield>
         <subfield code="t">BKT IX 115 Recto --</subfield>
         <subfield code="t">BKT IX 177 Recto und Verso --</subfield>
         <subfield code="g">Indices --</subfield>
         <subfield code="g">Literaturverzeichnis --</subfield>
         <subfield code="g">Tafeln.</subfield>
      </datafield>
      <datafield tag="520" ind1=" " ind2=" ">
         <subfield code="a">"Mit [diesem Band] wird eine neue Edition der sogenannten Acta Alexandrinorum vorgelegt. Die Edition umfasst 24 fragmentarische Papyrustexte. Unter diesen wird ein bisher unpublizierter Papyrus, P. Jena inv. 58, erstmals veröffentlicht."--"Vorwort", p. [v].</subfield>
      </datafield>
      <datafield tag="630" ind1="0" ind2="0">
         <subfield code="a">Acta Alexandrinorum</subfield>
         <subfield code="x">Manuscripts.</subfield>
      </datafield>
      <datafield tag="651" ind1=" " ind2="0">
         <subfield code="a">Egypt</subfield>
         <subfield code="x">History</subfield>
         <subfield code="y">30 B.C.-640 A.D.</subfield>
      </datafield>
      <datafield tag="650" ind1=" " ind2="0">
         <subfield code="a">Manuscripts, Greek (Papyri)</subfield>
      </datafield>
      <datafield tag="651" ind1=" " ind2="7">
         <subfield code="a">Aegyptus (Roman imperial province)</subfield>
         <subfield code="2">pleiades</subfield>
         <subfield code="0">https://pleiades.stoa.org/places/766</subfield>
         <subfield code="5">NyNyUAW</subfield>
      </datafield>
      <datafield tag="630" ind1="0" ind2="7">
         <subfield code="a">Acta Alexandrinorum.</subfield>
         <subfield code="2">fast</subfield>
         <subfield code="0">(OCoLC)fst01392949</subfield>
      </datafield>
      <datafield tag="651" ind1=" " ind2="7">
         <subfield code="a">Egypt.</subfield>
         <subfield code="2">fast</subfield>
         <subfield code="0">(OCoLC)fst01208755</subfield>
      </datafield>
      <datafield tag="648" ind1=" " ind2="7">
         <subfield code="a">30 B.C.-640 A.D.</subfield>
         <subfield code="2">fast</subfield>
      </datafield>
      <datafield tag="655" ind1=" " ind2="7">
         <subfield code="a">Manuscripts.</subfield>
         <subfield code="2">fast</subfield>
         <subfield code="0">(OCoLC)fst01424060</subfield>
      </datafield>
      <datafield tag="655" ind1=" " ind2="7">
         <subfield code="a">History.</subfield>
         <subfield code="2">fast</subfield>
         <subfield code="0">(OCoLC)fst01411628</subfield>
      </datafield>
      <datafield tag="830" ind1=" " ind2="0">
         <subfield code="a">Abhandlungen der Nordrhein-Westfälischen Akademie der Wissenschaften.</subfield>
         <subfield code="p">Sonderreihe Papyrologica Coloniensia ;</subfield>
         <subfield code="v">v. 40.</subfield>
         <subfield code="x">0944-8837</subfield>
      </datafield>
      <datafield tag="OWN" ind1=" " ind2=" ">
         <subfield code="a">GENERAL</subfield>
      </datafield>
      <datafield tag="AVA" ind1=" " ind2=" ">
         <subfield code="a">NYU50</subfield>
         <subfield code="b">NISAW</subfield>
         <subfield code="c">Small Collection</subfield>
         <subfield code="d">PA3318 .B85 V44 2017 Non-circulating</subfield>
         <subfield code="e">unavailable</subfield>
         <subfield code="t">Unavailable</subfield>
         <subfield code="f">1</subfield>
         <subfield code="g">1</subfield>
         <subfield code="h">N</subfield>
         <subfield code="i">0</subfield>
         <subfield code="j">SMALL</subfield>
         <subfield code="k">0</subfield>
      </datafield>
      <marc:datafield tag="852" ind1=" " ind2=" ">
         <marc:subfield code="b">Institute for the Study of the Ancient World, </marc:subfield>
         <marc:subfield code="c">Small Collection</marc:subfield>
         <marc:subfield code="e">15 East 84th St., </marc:subfield>
         <marc:subfield code="e">New York, NY  10028</marc:subfield>
      </marc:datafield>
   </record>