
  
  
  
  
  
  
  
  
  
  
  
  
 
  
  <record xsi:schemaLocation="http://www.loc.gov/MARC21/slim http://www.loc.gov/standards/marcxml/schema/MARC21slim.xsd">
      <leader>00000cam a22      i 4500</leader>
      <controlfield tag="FMT">BK</controlfield>
      <controlfield tag="LDR">00000cam a22      i 4500</controlfield>
      <controlfield tag="001">006324448</controlfield>
      <controlfield tag="005">20180907124723.0</controlfield>
      <controlfield tag="008">180905m20189999gw a     bd   000 0 eng c</controlfield>
      <datafield tag="016" ind1="7" ind2=" ">
         <subfield code="a">1155629043</subfield>
         <subfield code="2">GyFmDB</subfield>
      </datafield>
      <datafield tag="020" ind1=" " ind2=" ">
         <subfield code="a">9783447109789</subfield>
         <subfield code="q">volume 1</subfield>
         <subfield code="q">paperback</subfield>
      </datafield>
      <datafield tag="020" ind1=" " ind2=" ">
         <subfield code="a">3447109785</subfield>
         <subfield code="q">volume 1</subfield>
         <subfield code="q">paperback</subfield>
      </datafield>
      <datafield tag="024" ind1="3" ind2=" ">
         <subfield code="a">9783447109789</subfield>
      </datafield>
      <datafield tag="035" ind1=" " ind2=" ">
         <subfield code="a">(OCoLC)1037862752</subfield>
         <subfield code="z">(OCoLC)1029480251</subfield>
         <subfield code="z">(OCoLC)1029568542</subfield>
         <subfield code="z">(OCoLC)1029647792</subfield>
      </datafield>
      <datafield tag="040" ind1=" " ind2=" ">
         <subfield code="a">OHX</subfield>
         <subfield code="b">eng</subfield>
         <subfield code="e">rda</subfield>
         <subfield code="c">OHX</subfield>
         <subfield code="d">YDX</subfield>
         <subfield code="d">OCLCO</subfield>
         <subfield code="d">CWR</subfield>
         <subfield code="d">UBY</subfield>
         <subfield code="d">YDX</subfield>
         <subfield code="d">OCLCF</subfield>
         <subfield code="d">NNU</subfield>
      </datafield>
      <datafield tag="042" ind1=" " ind2=" ">
         <subfield code="a">pcc</subfield>
      </datafield>
      <datafield tag="050" ind1=" " ind2="4">
         <subfield code="a">PJ3525</subfield>
         <subfield code="b">.S77 2018</subfield>
      </datafield>
      <datafield tag="072" ind1=" " ind2="7">
         <subfield code="a">PJ</subfield>
         <subfield code="2">lcco</subfield>
      </datafield>
      <datafield tag="079" ind1=" " ind2=" ">
         <subfield code="a">(OCoLC)1037862752</subfield>
      </datafield>
      <datafield tag="082" ind1="0" ind2="4">
         <subfield code="a">492.13/21</subfield>
         <subfield code="2">23</subfield>
      </datafield>
      <datafield tag="100" ind1="1" ind2=" ">
         <subfield code="a">Streck, Michael P.,</subfield>
         <subfield code="e">author.</subfield>
      </datafield>
      <datafield tag="245" ind1="1" ind2="0">
         <subfield code="a">Supplement to the Akkadian dictionaries /</subfield>
         <subfield code="c">Michael P. Streck ; with the collaboration of Nadezka Rudik.</subfield>
      </datafield>
      <datafield tag="264" ind1=" " ind2="1">
         <subfield code="a">Wiesbaden :</subfield>
         <subfield code="b">Harrassowitz Verlag,</subfield>
         <subfield code="c">2018-</subfield>
      </datafield>
      <datafield tag="300" ind1=" " ind2=" ">
         <subfield code="a">volumes</subfield>
         <subfield code="b">illustrations ;</subfield>
         <subfield code="c">24 cm.</subfield>
      </datafield>
      <datafield tag="336" ind1=" " ind2=" ">
         <subfield code="a">text</subfield>
         <subfield code="b">txt</subfield>
         <subfield code="2">rdacontent</subfield>
      </datafield>
      <datafield tag="337" ind1=" " ind2=" ">
         <subfield code="a">unmediated</subfield>
         <subfield code="b">n</subfield>
         <subfield code="2">rdamedia</subfield>
      </datafield>
      <datafield tag="338" ind1=" " ind2=" ">
         <subfield code="a">volume</subfield>
         <subfield code="b">nc</subfield>
         <subfield code="2">rdacarrier</subfield>
      </datafield>
      <datafield tag="490" ind1="1" ind2=" ">
         <subfield code="a">Leipziger altorientalistische Studien,</subfield>
         <subfield code="x">2193-4436 ;</subfield>
         <subfield code="v">Band 7,1</subfield>
      </datafield>
      <datafield tag="500" ind1=" " ind2=" ">
         <subfield code="a">Update to: Akkadisches Handwörterbuch (1958-1981) by Wolfram von Soden and The Assyrian dictionary of the University of Chicago (1956-2010).</subfield>
      </datafield>
      <datafield tag="504" ind1=" " ind2=" ">
         <subfield code="a">Includes bibliographical references.</subfield>
      </datafield>
      <datafield tag="505" ind1="1" ind2="0">
         <subfield code="g">Vol. 1.</subfield>
         <subfield code="t">B, P /</subfield>
         <subfield code="r">with the collaboration of Nadezda Rudik.</subfield>
      </datafield>
      <datafield tag="650" ind1=" " ind2="0">
         <subfield code="a">Akkadian language</subfield>
         <subfield code="v">Dictionaries</subfield>
         <subfield code="x">English.</subfield>
      </datafield>
      <datafield tag="651" ind1=" " ind2="7">
         <subfield code="a">(As)Syria.</subfield>
         <subfield code="2">pleiades</subfield>
         <subfield code="0">https://pleiades.stoa.org/places/29492</subfield>
         <subfield code="5">NyNyUAW</subfield>
      </datafield>
      <datafield tag="650" ind1=" " ind2="7">
         <subfield code="a">Akkadian language.</subfield>
         <subfield code="2">fast</subfield>
         <subfield code="0">(OCoLC)fst00803982</subfield>
      </datafield>
      <datafield tag="655" ind1=" " ind2="7">
         <subfield code="a">Dictionaries.</subfield>
         <subfield code="2">lcgft</subfield>
      </datafield>
      <datafield tag="655" ind1=" " ind2="7">
         <subfield code="a">Dictionaries.</subfield>
         <subfield code="2">fast</subfield>
         <subfield code="0">(OCoLC)fst01423826</subfield>
      </datafield>
      <datafield tag="700" ind1="1" ind2=" ">
         <subfield code="a">Rudik, Nadezda,</subfield>
         <subfield code="d">1979-</subfield>
         <subfield code="e">author.</subfield>
      </datafield>
      <datafield tag="700" ind1="1" ind2=" ">
         <subfield code="i">Supplement to (work):</subfield>
         <subfield code="a">Soden, Wolfram von,</subfield>
         <subfield code="d">1908-1996.</subfield>
         <subfield code="t">Akkadisches Handwörterbuch.</subfield>
      </datafield>
      <datafield tag="730" ind1="0" ind2=" ">
         <subfield code="i">Supplement to (work):</subfield>
         <subfield code="a">Chicago Assyrian dictionary.</subfield>
      </datafield>
      <datafield tag="830" ind1=" " ind2="0">
         <subfield code="a">Leipziger altorientalistische Studien ;</subfield>
         <subfield code="v">Bd. 7,1.</subfield>
         <subfield code="x">2193-4436</subfield>
      </datafield>
      <datafield tag="OWN" ind1=" " ind2=" ">
         <subfield code="a">GENERAL</subfield>
      </datafield>
      <datafield tag="AVA" ind1=" " ind2=" ">
         <subfield code="a">NYU50</subfield>
         <subfield code="b">NISAW</subfield>
         <subfield code="c">Reference 4 Collection</subfield>
         <subfield code="d">PJ3525 .S77 2018 Non-circulating</subfield>
         <subfield code="e">available</subfield>
         <subfield code="t">Available</subfield>
         <subfield code="f">1</subfield>
         <subfield code="g">0</subfield>
         <subfield code="h">Y</subfield>
         <subfield code="i">0</subfield>
         <subfield code="j">REF4</subfield>
         <subfield code="k">0</subfield>
      </datafield>
      <marc:datafield tag="852" ind1=" " ind2=" ">
         <marc:subfield code="b">Institute for the Study of the Ancient World, </marc:subfield>
         <marc:subfield code="c">Reference 4 Collection</marc:subfield>
         <marc:subfield code="e">15 East 84th St., </marc:subfield>
         <marc:subfield code="e">New York, NY  10028</marc:subfield>
      </marc:datafield>
   </record>