
  
  
  
  
  
  
  
  
  
  
 
  
  <record xsi:schemaLocation="http://www.loc.gov/MARC21/slim http://www.loc.gov/standards/marcxml/schema/MARC21slim.xsd">
      <leader>00000cam a2200529 i 4500</leader>
      <controlfield tag="FMT">BK</controlfield>
      <controlfield tag="LDR">00000cam a2200529 i 4500</controlfield>
      <controlfield tag="001">006328647</controlfield>
      <controlfield tag="003">OCoLC</controlfield>
      <controlfield tag="005">20180910151340.0</controlfield>
      <controlfield tag="008">180910s2014    it a     b    000 0 eng d</controlfield>
      <datafield tag="010" ind1=" " ind2=" ">
         <subfield code="a">2015388237</subfield>
      </datafield>
      <datafield tag="020" ind1=" " ind2=" ">
         <subfield code="a">9788860606624</subfield>
      </datafield>
      <datafield tag="020" ind1=" " ind2=" ">
         <subfield code="a">8860606624</subfield>
      </datafield>
      <datafield tag="035" ind1=" " ind2=" ">
         <subfield code="a">(OCoLC)905551706</subfield>
      </datafield>
      <datafield tag="040" ind1=" " ind2=" ">
         <subfield code="a">ItFiC</subfield>
         <subfield code="b">eng</subfield>
         <subfield code="e">rda</subfield>
         <subfield code="c">DLC</subfield>
         <subfield code="d">C3L</subfield>
         <subfield code="d">OCLCF</subfield>
         <subfield code="d">ERASA</subfield>
         <subfield code="d">OCL</subfield>
         <subfield code="d">OCLCQ</subfield>
         <subfield code="d">YDX</subfield>
         <subfield code="d">DHA</subfield>
         <subfield code="d">OCLCQ</subfield>
         <subfield code="d">T9K</subfield>
         <subfield code="d">ZYU</subfield>
      </datafield>
      <datafield tag="041" ind1="0" ind2=" ">
         <subfield code="a">eng</subfield>
         <subfield code="a">ita</subfield>
      </datafield>
      <datafield tag="042" ind1=" " ind2=" ">
         <subfield code="a">lccopycat</subfield>
      </datafield>
      <datafield tag="043" ind1=" " ind2=" ">
         <subfield code="a">e------</subfield>
         <subfield code="a">ff-----</subfield>
         <subfield code="a">aw-----</subfield>
      </datafield>
      <datafield tag="050" ind1="0" ind2="0">
         <subfield code="a">JV98</subfield>
         <subfield code="b">.R66 2014</subfield>
      </datafield>
      <datafield tag="079" ind1=" " ind2=" ">
         <subfield code="a">(OCoLC)905551706</subfield>
      </datafield>
      <datafield tag="082" ind1="1" ind2="4">
         <subfield code="a">325</subfield>
         <subfield code="2">14</subfield>
      </datafield>
      <datafield tag="245" ind1="0" ind2="0">
         <subfield code="a">Roman republican colonization :</subfield>
         <subfield code="b">new perspectives from archaeology and ancient history /</subfield>
         <subfield code="c">edited by Tesse D. Stek and Jeremia Pelgrom.</subfield>
      </datafield>
      <datafield tag="264" ind1=" " ind2="1">
         <subfield code="a">Roma :</subfield>
         <subfield code="b">Palombi editori,</subfield>
         <subfield code="c">[2014]</subfield>
      </datafield>
      <datafield tag="300" ind1=" " ind2=" ">
         <subfield code="a">407 pages :</subfield>
         <subfield code="b">illustrations ;</subfield>
         <subfield code="c">28 cm.</subfield>
      </datafield>
      <datafield tag="336" ind1=" " ind2=" ">
         <subfield code="a">text</subfield>
         <subfield code="b">txt</subfield>
         <subfield code="2">rdacontent</subfield>
      </datafield>
      <datafield tag="337" ind1=" " ind2=" ">
         <subfield code="a">unmediated</subfield>
         <subfield code="b">n</subfield>
         <subfield code="2">rdamedia</subfield>
      </datafield>
      <datafield tag="338" ind1=" " ind2=" ">
         <subfield code="a">volume</subfield>
         <subfield code="b">nc</subfield>
         <subfield code="2">rdacarrier</subfield>
      </datafield>
      <datafield tag="490" ind1="1" ind2=" ">
         <subfield code="a">Papers of the Royal Netherlands Institute in Rome ;</subfield>
         <subfield code="v">volume 62 =</subfield>
         <subfield code="a">Mededelingen van het Koninklijk Nederlands Instituut te Rome ;</subfield>
         <subfield code="v">volume 62</subfield>
      </datafield>
      <datafield tag="546" ind1=" " ind2=" ">
         <subfield code="a">Contributions in English and Italian.</subfield>
      </datafield>
      <datafield tag="504" ind1=" " ind2=" ">
         <subfield code="a">Includes bibliographical references.</subfield>
      </datafield>
      <datafield tag="505" ind1="0" ind2="0">
         <subfield code="g">Introduction :</subfield>
         <subfield code="t">Roman Colonization under the Republic : historiographical contextualisation of a paradigm /</subfield>
         <subfield code="r">Jeremia Pelgrom and Tesse D. Stek.</subfield>
         <subfield code="g">Part I.</subfield>
         <subfield code="t">Contextualizing Roman Republican Colonization : Backgrounds, definitions and Comparanda.</subfield>
         <subfield code="t">Private Vis, Public Virtus : Family agendas during the early Roman expansion /</subfield>
         <subfield code="r">Nicola Terrenato --</subfield>
         <subfield code="t">The nature of Roman strategy in Mid-Rebublican colonization and road building /</subfield>
         <subfield code="r">Guy Bradley --</subfield>
         <subfield code="t">Roman colonization and the city-state model /</subfield>
         <subfield code="r">Jeremia Pelgrom --</subfield>
         <subfield code="t">The city-state model and Roman Republican colonization : sacred landscapes as a proxy for colonial socio-political organization /</subfield>
         <subfield code="r">Tesse D. Stek --</subfield>
         <subfield code="t">Livy 27.38 and the vacatio militiae of the maritime colonies /</subfield>
         <subfield code="r">Luuk de Ligt.</subfield>
         <subfield code="g">Part II.</subfield>
         <subfield code="t">Colonial Landscapes, Colonists and Natives Shaping the Urban, Natural and Social Environment.</subfield>
         <subfield code="t">Gellius, Philip II and a proposed end to the 'model-replica' debate /</subfield>
         <subfield code="r">Jamie Sewell --</subfield>
         <subfield code="t">Republican colonization and early urbanization in Central Adriatic Italy : The valley of the River Flosis /</subfield>
         <subfield code="r">Frank Vermeulen --</subfield>
         <subfield code="t">Strangers in Paradise : Latins ( and some other non-Romans) in colonial context : a short story of territorial complexity /</subfield>
         <subfield code="r">Michel Tarpin --</subfield>
         <subfield code="t">Colonization romaine et 'escapes ripariens' dans les Civitates Campaniae de Sylla aux triumvirs /</subfield>
         <subfield code="r">Ella Hermon --</subfield>
         <subfield code="t">Early colonization in the Pontine region ( Central Italy) /</subfield>
         <subfield code="r">Peter Attema, Tymon de Haas and Marleen Termeer --</subfield>
         <subfield code="t">Le colonie di Luceria e Venusia : Dinamiche insediative, urbanizzazione e assetti agrari /</subfield>
         <subfield code="r">Maria Luisa Marchi --</subfield>
         <subfield code="t">Roman colonial landcapes : Interamna Lirenas and its territory through antiquity /</subfield>
         <subfield code="r">Giovanna R. Bellini, Alessandro Launaro and Martin Millett.</subfield>
      </datafield>
      <datafield tag="505" ind1="8" ind2="0">
         <subfield code="g">Part III.</subfield>
         <subfield code="t">The Religious Dimension of Roman Colonization.</subfield>
         <subfield code="t">Tutelary deities in Roman citizen colonies /</subfield>
         <subfield code="r">Marion Bolder-Boos --</subfield>
         <subfield code="t">Il culto di Apollo nella colonizzazione romana /</subfield>
         <subfield code="r">Andrea Carini --</subfield>
         <subfield code="t">Il santuario di Ercole ad Alba Fucens : nuovi dati per lostudio delle fasi piu antiche della colonia latina /</subfield>
         <subfield code="r">Daniela Liberatore.</subfield>
         <subfield code="g">Part IV.</subfield>
         <subfield code="t">The Creation of Roman Centrality.</subfield>
         <subfield code="t">Effigies parvae simulacraque Romae. La fortuna di un modello teorico repubblicano : Leptis Magna colonia romana /</subfield>
         <subfield code="r">Mario Torelli --</subfield>
         <subfield code="t">Qua aratrum ductum est : La colonizzazione romana come chiave interpretativa della Roma delle origini /</subfield>
         <subfield code="r">Simone Sisani.</subfield>
      </datafield>
      <datafield tag="520" ind1=" " ind2=" ">
         <subfield code="a">Roman colonization has been seen as a primary model for colonization and colonialism in more recent historical periods. The direct relevance of Roman colonization to wide-ranging historical interpretations and to the self-perception of modern nation-states and empires explains the continuing fascination exerted by Roman colonization in both academic and non-academic circles. Trying to unravel the character and development of the key phase of Roman colonization in the Roman Republican period is therefore essential, not only for ancient history, archaeology, and related disciplines, but also for a better understanding of the modern world. The most comprehensive study on Roman colonization remains Edward Togo Salmon's Roman Colonization under the Republic (1969). In the almost 50 years since the publication of Salmon's seminal book many crucial revisions have been proposed for different aspects of the traditional view of Roman colonization. Despite the obvious importance of these new studies, their impact on our general understanding of Roman colonization and their deeper significance for understanding Roman imperialism has yet to be fully appreciated. The increasing fragmentation of the research field is an important reason that an overarching, radically new, understanding of Roman republican colonization has not, as yet, been brought forward. Issues that are central to the character of Roman colonization are studied in separate disciplines including Roman historiography, urban archaeology, architecture studies, landscape archaeology, Roman religion studies and Roman law. This volume brings together recent insights from a range of different academic traditions, lifting language and cultural barriers. By presenting both new theoretical insights and new archaeological discoveries, it explores the potentially productive interplay between different emerging research areas that are currently isolated.</subfield>
      </datafield>
      <datafield tag="651" ind1=" " ind2="0">
         <subfield code="a">Rome</subfield>
         <subfield code="x">Colonies.</subfield>
      </datafield>
      <datafield tag="651" ind1=" " ind2="0">
         <subfield code="a">Rome</subfield>
         <subfield code="x">History</subfield>
         <subfield code="y">Republic, 265-30 B.C.</subfield>
      </datafield>
      <datafield tag="650" ind1=" " ind2="7">
         <subfield code="a">Roman colonies.</subfield>
         <subfield code="2">fast</subfield>
         <subfield code="0">(OCoLC)fst01930865</subfield>
      </datafield>
      <datafield tag="651" ind1=" " ind2="7">
         <subfield code="a">Rome (Empire)</subfield>
         <subfield code="2">fast</subfield>
         <subfield code="0">(OCoLC)fst01204885</subfield>
      </datafield>
      <datafield tag="648" ind1=" " ind2="7">
         <subfield code="a">265-30 B.C</subfield>
         <subfield code="2">fast</subfield>
      </datafield>
      <datafield tag="655" ind1=" " ind2="7">
         <subfield code="a">History.</subfield>
         <subfield code="2">fast</subfield>
         <subfield code="0">(OCoLC)fst01411628</subfield>
      </datafield>
      <datafield tag="700" ind1="1" ind2=" ">
         <subfield code="a">Stek, Tesse Dieder,</subfield>
         <subfield code="e">editor.</subfield>
      </datafield>
      <datafield tag="700" ind1="1" ind2=" ">
         <subfield code="a">Pelgrom, Jeremia,</subfield>
         <subfield code="e">editor.</subfield>
      </datafield>
      <datafield tag="830" ind1=" " ind2="0">
         <subfield code="a">Mededelingen van het Nederlands Instituut te Rome ;</subfield>
         <subfield code="v">vol. 62.</subfield>
      </datafield>
      <datafield tag="856" ind1="4" ind2="1">
         <subfield code="3">Table of contents</subfield>
         <subfield code="u">http://catdir.loc.gov/catdir/toc/casalini13/3021986.pdf</subfield>
      </datafield>
      <datafield tag="994" ind1=" " ind2=" ">
         <subfield code="a">Z0</subfield>
         <subfield code="b">ZYU</subfield>
      </datafield>
      <datafield tag="OWN" ind1=" " ind2=" ">
         <subfield code="a">GENERAL</subfield>
      </datafield>
      <datafield tag="AVA" ind1=" " ind2=" ">
         <subfield code="a">NYU50</subfield>
         <subfield code="b">NISAW</subfield>
         <subfield code="c">Reserves</subfield>
         <subfield code="d">JV98 .R66 2014 Non-circulating</subfield>
         <subfield code="e">available</subfield>
         <subfield code="t">Available</subfield>
         <subfield code="f">1</subfield>
         <subfield code="g">0</subfield>
         <subfield code="h">N</subfield>
         <subfield code="i">0</subfield>
         <subfield code="j">AWRES</subfield>
         <subfield code="k">0</subfield>
      </datafield>
      <marc:datafield tag="852" ind1=" " ind2=" ">
         <marc:subfield code="b">Institute for the Study of the Ancient World, </marc:subfield>
         <marc:subfield code="c">Reserves</marc:subfield>
         <marc:subfield code="e">15 East 84th St., </marc:subfield>
         <marc:subfield code="e">New York, NY  10028</marc:subfield>
      </marc:datafield>
   </record>