
  
  
  
  
  
  
  
  
  
  
  
  
 
  
  <record xsi:schemaLocation="http://www.loc.gov/MARC21/slim http://www.loc.gov/standards/marcxml/schema/MARC21slim.xsd">
      <leader>00000cam a2200649 a 4500</leader>
      <controlfield tag="FMT">BK</controlfield>
      <controlfield tag="LDR">00000cam a2200649 a 4500</controlfield>
      <controlfield tag="001">002367290</controlfield>
      <controlfield tag="003">OCoLC</controlfield>
      <controlfield tag="005">20180911162034.0</controlfield>
      <controlfield tag="008">940927m19942018miua     b    000 0 eng d</controlfield>
      <datafield tag="010" ind1=" " ind2=" ">
         <subfield code="a">96161777</subfield>
      </datafield>
      <datafield tag="020" ind1=" " ind2=" ">
         <subfield code="a">9780990662389</subfield>
         <subfield code="q">(II, iii)</subfield>
      </datafield>
      <datafield tag="020" ind1=" " ind2=" ">
         <subfield code="a">0990662381</subfield>
         <subfield code="q">(II, iii)</subfield>
      </datafield>
      <datafield tag="035" ind1=" " ind2=" ">
         <subfield code="a">(OCoLC)31261349</subfield>
         <subfield code="z">(OCoLC)37618724</subfield>
         <subfield code="z">(OCoLC)78912949</subfield>
         <subfield code="z">(OCoLC)83347406</subfield>
         <subfield code="z">(OCoLC)152278513</subfield>
         <subfield code="z">(OCoLC)223415988</subfield>
      </datafield>
      <datafield tag="040" ind1=" " ind2=" ">
         <subfield code="a">PUL</subfield>
         <subfield code="b">eng</subfield>
         <subfield code="c">DLC</subfield>
         <subfield code="d">PUL</subfield>
         <subfield code="d">NLGGC</subfield>
         <subfield code="d">BTCTA</subfield>
         <subfield code="d">YDXCP</subfield>
         <subfield code="d">ZCU</subfield>
         <subfield code="d">OCLCG</subfield>
         <subfield code="d">EMU</subfield>
         <subfield code="d">RBN</subfield>
         <subfield code="d">CGU</subfield>
         <subfield code="d">NDD</subfield>
         <subfield code="d">OCLCQ</subfield>
         <subfield code="d">IPS</subfield>
         <subfield code="d">B9K</subfield>
         <subfield code="d">OCLCF</subfield>
         <subfield code="d">OCL</subfield>
         <subfield code="d">OCLCQ</subfield>
         <subfield code="d">IXA</subfield>
         <subfield code="d">OCLCA</subfield>
         <subfield code="d">YKM</subfield>
         <subfield code="d">ZYU</subfield>
      </datafield>
      <datafield tag="042" ind1=" " ind2=" ">
         <subfield code="a">lccopycat</subfield>
      </datafield>
      <datafield tag="043" ind1=" " ind2=" ">
         <subfield code="a">a-is---</subfield>
      </datafield>
      <datafield tag="050" ind1="0" ind2="0">
         <subfield code="a">DS110.A65</subfield>
         <subfield code="b">H47 1994</subfield>
      </datafield>
      <datafield tag="079" ind1=" " ind2=" ">
         <subfield code="a">(OCoLC)31261349</subfield>
      </datafield>
      <datafield tag="082" ind1="0" ind2="0">
         <subfield code="a">933</subfield>
         <subfield code="2">20</subfield>
      </datafield>
      <datafield tag="084" ind1=" " ind2=" ">
         <subfield code="a">15.34</subfield>
         <subfield code="2">bcl</subfield>
      </datafield>
      <datafield tag="245" ind1="0" ind2="0">
         <subfield code="a">Tel Anafa /</subfield>
         <subfield code="c">Kelsey Museum of the University of Michigan, Museum of Art and Archaeology of the University of Missouri - Columbia.</subfield>
      </datafield>
      <datafield tag="246" ind1="3" ind2=" ">
         <subfield code="a">Tel Anafa I : final report on ten years of excavation at a Hellenistic and Roman settlement in northern Israel</subfield>
      </datafield>
      <datafield tag="246" ind1="3" ind2=" ">
         <subfield code="a">Tel Anafa II : the Hellenistic and Roman pottery</subfield>
      </datafield>
      <datafield tag="260" ind1=" " ind2=" ">
         <subfield code="a">Ann Arbor, MI :</subfield>
         <subfield code="b">Kelsey Museum of the University of Michigan,</subfield>
         <subfield code="c">1994-2018.</subfield>
      </datafield>
      <datafield tag="300" ind1=" " ind2=" ">
         <subfield code="a">2 volumes in 5 parts :</subfield>
         <subfield code="b">illustrations (some color) ;</subfield>
         <subfield code="c">29 cm.</subfield>
      </datafield>
      <datafield tag="336" ind1=" " ind2=" ">
         <subfield code="a">text</subfield>
         <subfield code="b">txt</subfield>
         <subfield code="2">rdacontent</subfield>
      </datafield>
      <datafield tag="337" ind1=" " ind2=" ">
         <subfield code="a">unmediated</subfield>
         <subfield code="b">n</subfield>
         <subfield code="2">rdamedia</subfield>
      </datafield>
      <datafield tag="338" ind1=" " ind2=" ">
         <subfield code="a">volume</subfield>
         <subfield code="b">nc</subfield>
         <subfield code="2">rdacarrier</subfield>
      </datafield>
      <datafield tag="490" ind1="1" ind2=" ">
         <subfield code="a">Journal of Roman Archaeology. Supplementary series ;</subfield>
         <subfield code="v">no. 10</subfield>
      </datafield>
      <datafield tag="490" ind1="1" ind2=" ">
         <subfield code="a">Kelsey Museum fieldwork series</subfield>
      </datafield>
      <datafield tag="504" ind1=" " ind2=" ">
         <subfield code="a">Includes bibliographical references.</subfield>
      </datafield>
      <datafield tag="530" ind1=" " ind2=" ">
         <subfield code="a">Also issued online.</subfield>
      </datafield>
      <datafield tag="505" ind1="0" ind2="0">
         <subfield code="g">I.</subfield>
         <subfield code="t">Final report on ten years of excavation at a Hellenistic and Roman settlement in Northern Israel /</subfield>
         <subfield code="r">by Sharon C. Herbert ; with contributions by D.T. Ariel [and others] (2 v. ) --</subfield>
         <subfield code="g">II. 1.</subfield>
         <subfield code="t">The Hellenistic and Roman pottery /</subfield>
         <subfield code="r">edited by S.C. Herbert --</subfield>
         <subfield code="t">The plain wares /</subfield>
         <subfield code="r">by Andrea Berlin --</subfield>
         <subfield code="t">The fine wares /</subfield>
         <subfield code="r">by Kathleen Warner Slane --</subfield>
         <subfield code="g">II. 2.</subfield>
         <subfield code="t">Glass vessels, lamps, objects of metal, and groundstone and other stone tools and vessels /</subfield>
         <subfield code="r">edited by Andrea M. Berlin and Sharon C. Herbert --</subfield>
         <subfield code="g">II. 3.</subfield>
         <subfield code="t">Decorative wall plaster, objects of personal adornment and glass counters, tools for textile manufacture and miscellaneous bone, terracotta and stone figurines, pre-Persian pottery, Attic pottery, and medieval pottery /</subfield>
         <subfield code="r">edited by Andrea M. Berlin and Sharon C. Herbert.</subfield>
         <subfield code="t">Decorative wall plaster /</subfield>
         <subfield code="r">by Benton Kidd, with catalogue adapted from Robert L. Gordon, Jr. (1977) --</subfield>
         <subfield code="t">Personal adornment : glass, stone, bone, and shell /</subfield>
         <subfield code="r">by Katherine A. Larson --</subfield>
         <subfield code="t">Glass counters /</subfield>
         <subfield code="r">by Katherine A. Larson --</subfield>
         <subfield code="t">Tools for textile manufacture /</subfield>
         <subfield code="r">by Katherine A. Larson and Katherine M. Erdman.</subfield>
         <subfield code="g">Appendix.</subfield>
         <subfield code="t">Catalogue of miscellaneous bone objects /</subfield>
         <subfield code="r">by Katherine M. Erdman --</subfield>
         <subfield code="t">Terracotta and stone figurines /</subfield>
         <subfield code="r">by Adi Erlich --</subfield>
         <subfield code="t">Pottery of the Bronze and Iron Ages /</subfield>
         <subfield code="r">by William Dever and Anna Harrison --</subfield>
         <subfield code="t">The Attic pottery /</subfield>
         <subfield code="r">by Ann Harrison and Andrea M. Berlin --</subfield>
         <subfield code="t">Medieval ceramics /</subfield>
         <subfield code="r">by Adrian J. Boas.</subfield>
      </datafield>
      <datafield tag="651" ind1=" " ind2="0">
         <subfield code="a">Anafa Site (Israel)</subfield>
      </datafield>
      <datafield tag="650" ind1=" " ind2="0">
         <subfield code="a">Excavations (Archaeology)</subfield>
         <subfield code="z">Israel</subfield>
         <subfield code="z">Anafa Site.</subfield>
      </datafield>
      <datafield tag="651" ind1=" " ind2="0">
         <subfield code="a">Israel</subfield>
         <subfield code="x">Antiquities, Roman.</subfield>
      </datafield>
      <datafield tag="650" ind1=" " ind2="0">
         <subfield code="a">Pottery, Hellenistic</subfield>
         <subfield code="z">Israel</subfield>
         <subfield code="z">Anafa Site.</subfield>
      </datafield>
      <datafield tag="650" ind1=" " ind2="0">
         <subfield code="a">Pottery, Roman</subfield>
         <subfield code="z">Israel</subfield>
         <subfield code="z">Anafa Site.</subfield>
      </datafield>
      <datafield tag="650" ind1=" " ind2="0">
         <subfield code="a">Mounds</subfield>
         <subfield code="z">Israel.</subfield>
      </datafield>
      <datafield tag="651" ind1=" " ind2="7">
         <subfield code="a">Tel Anafa.</subfield>
         <subfield code="2">pleiades</subfield>
         <subfield code="0">https://pleiades.stoa.org/places/678410</subfield>
      </datafield>
      <datafield tag="650" ind1="1" ind2="7">
         <subfield code="a">Opgravingen.</subfield>
         <subfield code="2">gtt</subfield>
      </datafield>
      <datafield tag="700" ind1="1" ind2=" ">
         <subfield code="a">Herbert, Sharon,</subfield>
         <subfield code="d">1944-</subfield>
      </datafield>
      <datafield tag="700" ind1="1" ind2=" ">
         <subfield code="a">Ariel, Donald T.</subfield>
      </datafield>
      <datafield tag="700" ind1="1" ind2=" ">
         <subfield code="a">Berlin, Andrea.</subfield>
      </datafield>
      <datafield tag="710" ind1="2" ind2=" ">
         <subfield code="a">Kelsey Museum of Archaeology.</subfield>
      </datafield>
      <datafield tag="710" ind1="2" ind2=" ">
         <subfield code="a">University of Missouri--Columbia.</subfield>
         <subfield code="b">Museum of Art and Archaeology.</subfield>
      </datafield>
      <datafield tag="776" ind1="0" ind2="8">
         <subfield code="i">Online version:</subfield>
         <subfield code="a">Herbert, Sharon, 1944-</subfield>
         <subfield code="t">Tel Anafa.</subfield>
         <subfield code="d">Ann Arbor, MI ; Kelsey Museum of the University of Michigan, 1994-&lt;1997&gt;</subfield>
         <subfield code="w">(OCoLC)607636175</subfield>
      </datafield>
      <datafield tag="830" ind1=" " ind2="0">
         <subfield code="a">Journal of Roman archaeology.</subfield>
         <subfield code="p">Supplementary series ;</subfield>
         <subfield code="v">no. 10.</subfield>
      </datafield>
      <datafield tag="830" ind1=" " ind2="0">
         <subfield code="a">Kelsey Museum fieldwork series.</subfield>
      </datafield>
      <datafield tag="OWN" ind1=" " ind2=" ">
         <subfield code="a">GENERAL</subfield>
      </datafield>
      <datafield tag="AVA" ind1=" " ind2=" ">
         <subfield code="a">NYU50</subfield>
         <subfield code="b">BOBST</subfield>
         <subfield code="c">Main Collection</subfield>
         <subfield code="d">DS110.A535 H47 1994</subfield>
         <subfield code="e">available</subfield>
         <subfield code="t">Available</subfield>
         <subfield code="f">4</subfield>
         <subfield code="g">0</subfield>
         <subfield code="h">Y</subfield>
         <subfield code="i">0</subfield>
         <subfield code="j">MAIN</subfield>
         <subfield code="k">0</subfield>
      </datafield>
      <datafield tag="AVA" ind1=" " ind2=" ">
         <subfield code="a">NYU50</subfield>
         <subfield code="b">NIFA</subfield>
         <subfield code="c">Main Collection</subfield>
         <subfield code="d">DS110.A535 H47 1994 Non-circulating</subfield>
         <subfield code="e">available</subfield>
         <subfield code="t">Available</subfield>
         <subfield code="f">3</subfield>
         <subfield code="g">0</subfield>
         <subfield code="h">Y</subfield>
         <subfield code="i">0</subfield>
         <subfield code="j">MAIN</subfield>
         <subfield code="k">0</subfield>
      </datafield>
      <datafield tag="AVA" ind1=" " ind2=" ">
         <subfield code="a">NYU50</subfield>
         <subfield code="b">NISAW</subfield>
         <subfield code="c">Large Collection</subfield>
         <subfield code="d">DS110.A65 H47 1994 Non-circulating</subfield>
         <subfield code="e">available</subfield>
         <subfield code="t">Available</subfield>
         <subfield code="f">1</subfield>
         <subfield code="g">0</subfield>
         <subfield code="h">Y</subfield>
         <subfield code="i">0</subfield>
         <subfield code="j">LARGE</subfield>
         <subfield code="k">0</subfield>
      </datafield>
      <marc:datafield tag="852" ind1=" " ind2=" ">
         <marc:subfield code="b">Institute for the Study of the Ancient World, </marc:subfield>
         <marc:subfield code="c">Large Collection</marc:subfield>
         <marc:subfield code="e">15 East 84th St., </marc:subfield>
         <marc:subfield code="e">New York, NY  10028</marc:subfield>
      </marc:datafield>
   </record>