
  
  
  
  
  
  
  
  
  
  
  
 
  
  <record xsi:schemaLocation="http://www.loc.gov/MARC21/slim http://www.loc.gov/standards/marcxml/schema/MARC21slim.xsd">
      <leader>00000cam a22      a 4500</leader>
      <controlfield tag="FMT">BK</controlfield>
      <controlfield tag="LDR">00000cam a22      a 4500</controlfield>
      <controlfield tag="001">006330132</controlfield>
      <controlfield tag="005">20180914122315.0</controlfield>
      <controlfield tag="008">180912s2001    fr ab    b    000 0 fre c</controlfield>
      <datafield tag="010" ind1=" " ind2=" ">
         <subfield code="a">  2003432570</subfield>
      </datafield>
      <datafield tag="020" ind1=" " ind2=" ">
         <subfield code="a">2910023281</subfield>
      </datafield>
      <datafield tag="020" ind1=" " ind2=" ">
         <subfield code="a">9782910023287</subfield>
      </datafield>
      <datafield tag="035" ind1=" " ind2=" ">
         <subfield code="a">(OCoLC)51898104</subfield>
      </datafield>
      <datafield tag="040" ind1=" " ind2=" ">
         <subfield code="a">TZT</subfield>
         <subfield code="b">eng</subfield>
         <subfield code="c">YUS</subfield>
         <subfield code="d">DLC</subfield>
         <subfield code="d">TZT</subfield>
         <subfield code="d">CGU</subfield>
         <subfield code="d">OCLCQ</subfield>
         <subfield code="d">OCLCO</subfield>
         <subfield code="d">OCLCF</subfield>
         <subfield code="d">UEJ</subfield>
         <subfield code="d">OCLCQ</subfield>
         <subfield code="d">PAU</subfield>
         <subfield code="d">ZYU</subfield>
      </datafield>
      <datafield tag="041" ind1="0" ind2=" ">
         <subfield code="a">fre</subfield>
         <subfield code="a">ita</subfield>
         <subfield code="b">hrv</subfield>
      </datafield>
      <datafield tag="042" ind1=" " ind2=" ">
         <subfield code="a">pcc</subfield>
      </datafield>
      <datafield tag="043" ind1=" " ind2=" ">
         <subfield code="a">e-ci---</subfield>
         <subfield code="a">e-xv---</subfield>
      </datafield>
      <datafield tag="050" ind1=" " ind2="4">
         <subfield code="a">NK4650.A6</subfield>
         <subfield code="b">L676 2001</subfield>
      </datafield>
      <datafield tag="072" ind1=" " ind2="7">
         <subfield code="a">D</subfield>
         <subfield code="2">lcco</subfield>
      </datafield>
      <datafield tag="079" ind1=" " ind2=" ">
         <subfield code="a">(OCoLC)51898104</subfield>
      </datafield>
      <datafield tag="082" ind1="1" ind2="4">
         <subfield code="a">937</subfield>
      </datafield>
      <datafield tag="245" ind1="0" ind2="0">
         <subfield code="a">Loron (Croatie) :</subfield>
         <subfield code="b">un grand centre de production d'amphores à huile istriennes, Ier-IVe S. P.C. /</subfield>
         <subfield code="c">sous la direction de Francis Tassaux, Robert Matijašić et Vladimir Kovačić.</subfield>
      </datafield>
      <datafield tag="260" ind1=" " ind2=" ">
         <subfield code="a">Bordeax :</subfield>
         <subfield code="b">Ausonius,</subfield>
         <subfield code="c">2001.</subfield>
      </datafield>
      <datafield tag="300" ind1=" " ind2=" ">
         <subfield code="a">363 pages :</subfield>
         <subfield code="b">illustrations, maps ;</subfield>
         <subfield code="c">29 cm.</subfield>
      </datafield>
      <datafield tag="336" ind1=" " ind2=" ">
         <subfield code="a">text</subfield>
         <subfield code="b">txt</subfield>
         <subfield code="2">rdacontent</subfield>
      </datafield>
      <datafield tag="337" ind1=" " ind2=" ">
         <subfield code="a">unmediated</subfield>
         <subfield code="b">n</subfield>
         <subfield code="2">rdamedia</subfield>
      </datafield>
      <datafield tag="338" ind1=" " ind2=" ">
         <subfield code="a">volume</subfield>
         <subfield code="b">nc</subfield>
         <subfield code="2">rdacarrier</subfield>
      </datafield>
      <datafield tag="490" ind1="1" ind2=" ">
         <subfield code="a">Mémoires,</subfield>
         <subfield code="x">1283-2995 ;</subfield>
         <subfield code="v">6</subfield>
      </datafield>
      <datafield tag="504" ind1=" " ind2=" ">
         <subfield code="a">Includes bibliographical references (pages 331-346).</subfield>
      </datafield>
      <datafield tag="546" ind1=" " ind2=" ">
         <subfield code="a">Text in French and Italian with a summary in Croatian.</subfield>
      </datafield>
      <datafield tag="650" ind1=" " ind2="0">
         <subfield code="a">Amphoras</subfield>
         <subfield code="z">Istria (Croatia and Slovenia)</subfield>
      </datafield>
      <datafield tag="651" ind1=" " ind2="0">
         <subfield code="a">Istria (Croatia and Slovenia)</subfield>
         <subfield code="x">Antiquities, Roman.</subfield>
      </datafield>
      <datafield tag="650" ind1=" " ind2="0">
         <subfield code="a">Excavations (Archaeology)</subfield>
         <subfield code="z">Croatia</subfield>
         <subfield code="z">Istarska županija.</subfield>
      </datafield>
      <datafield tag="651" ind1=" " ind2="7">
         <subfield code="a">Loron.</subfield>
         <subfield code="2">pleiades</subfield>
         <subfield code="0">https://pleiades.stoa.org/places/970142378</subfield>
      </datafield>
      <datafield tag="650" ind1=" " ind2="7">
         <subfield code="a">Amphoras.</subfield>
         <subfield code="2">fast</subfield>
         <subfield code="0">(OCoLC)fst00808006</subfield>
      </datafield>
      <datafield tag="650" ind1=" " ind2="7">
         <subfield code="a">Classical antiquities.</subfield>
         <subfield code="2">fast</subfield>
         <subfield code="0">(OCoLC)fst00863445</subfield>
      </datafield>
      <datafield tag="651" ind1=" " ind2="7">
         <subfield code="a">Europe</subfield>
         <subfield code="z">Istria.</subfield>
         <subfield code="2">fast</subfield>
         <subfield code="0">(OCoLC)fst01310433</subfield>
      </datafield>
      <datafield tag="653" ind1=" " ind2=" ">
         <subfield code="a">Classical archaeology</subfield>
         <subfield code="a">Istria</subfield>
      </datafield>
      <datafield tag="700" ind1="1" ind2=" ">
         <subfield code="a">Tassaux, Francis.</subfield>
      </datafield>
      <datafield tag="700" ind1="1" ind2=" ">
         <subfield code="a">Matijašić, Robert.</subfield>
      </datafield>
      <datafield tag="700" ind1="1" ind2=" ">
         <subfield code="a">Kovačič, Vladimir,</subfield>
         <subfield code="d">1949-</subfield>
      </datafield>
      <datafield tag="776" ind1="0" ind2="8">
         <subfield code="i">Online version:</subfield>
         <subfield code="t">Loron, Croatie.</subfield>
         <subfield code="d">Bordeax : Ausonius, 2001</subfield>
         <subfield code="w">(OCoLC)606937195</subfield>
      </datafield>
      <datafield tag="776" ind1="0" ind2="8">
         <subfield code="i">Online version:</subfield>
         <subfield code="t">Loron, Croatie.</subfield>
         <subfield code="d">Bordeax : Ausonius, 2001</subfield>
         <subfield code="w">(OCoLC)608218538</subfield>
      </datafield>
      <datafield tag="830" ind1=" " ind2="0">
         <subfield code="a">Mémoires (Ausonius (Institute)) ;</subfield>
         <subfield code="v">6.</subfield>
      </datafield>
      <datafield tag="856" ind1="4" ind2="2">
         <subfield code="3">The Alumni and Friends Memorial Book Fund Home Page</subfield>
         <subfield code="u">http://hdl.library.upenn.edu/1017.12/366295</subfield>
      </datafield>
      <datafield tag="OWN" ind1=" " ind2=" ">
         <subfield code="a">GENERAL</subfield>
      </datafield>
      <datafield tag="AVA" ind1=" " ind2=" ">
         <subfield code="a">NYU50</subfield>
         <subfield code="b">NISAW</subfield>
         <subfield code="c">Large Collection</subfield>
         <subfield code="d">NK4650.A6 L676 2001 Non-circulating</subfield>
         <subfield code="e">available</subfield>
         <subfield code="t">Available</subfield>
         <subfield code="f">1</subfield>
         <subfield code="g">0</subfield>
         <subfield code="h">N</subfield>
         <subfield code="i">0</subfield>
         <subfield code="j">LARGE</subfield>
         <subfield code="k">0</subfield>
      </datafield>
      <marc:datafield tag="852" ind1=" " ind2=" ">
         <marc:subfield code="b">Institute for the Study of the Ancient World, </marc:subfield>
         <marc:subfield code="c">Large Collection</marc:subfield>
         <marc:subfield code="e">15 East 84th St., </marc:subfield>
         <marc:subfield code="e">New York, NY  10028</marc:subfield>
      </marc:datafield>
   </record>