
  
  
  
  
  
  
  
  
  
  
 
  
  <record xsi:schemaLocation="http://www.loc.gov/MARC21/slim http://www.loc.gov/standards/marcxml/schema/MARC21slim.xsd">
      <leader>00000cam a22     Ii 4500</leader>
      <controlfield tag="FMT">BK</controlfield>
      <controlfield tag="LDR">00000cam a22     Ii 4500</controlfield>
      <controlfield tag="001">005917485</controlfield>
      <controlfield tag="005">20180302101724.0</controlfield>
      <controlfield tag="008">170707s2017    cc a     b    000 0 chi d</controlfield>
      <datafield tag="020" ind1=" " ind2=" ">
         <subfield code="a">9787501045105</subfield>
      </datafield>
      <datafield tag="020" ind1=" " ind2=" ">
         <subfield code="a">7501045100</subfield>
      </datafield>
      <datafield tag="035" ind1="7" ind2=" ">
         <subfield code="a">chinc20171108-000000062</subfield>
      </datafield>
      <datafield tag="035" ind1=" " ind2=" ">
         <subfield code="a">(OCoLC)993127881</subfield>
      </datafield>
      <datafield tag="040" ind1=" " ind2=" ">
         <subfield code="a">BCBTC</subfield>
         <subfield code="b">eng</subfield>
         <subfield code="e">rda</subfield>
         <subfield code="c">BCBTC</subfield>
         <subfield code="d">CNPIT</subfield>
         <subfield code="d">CLU</subfield>
         <subfield code="d">OCLCF</subfield>
         <subfield code="d">MZA</subfield>
         <subfield code="d">OCLCA</subfield>
         <subfield code="d">NNU</subfield>
      </datafield>
      <datafield tag="043" ind1=" " ind2=" ">
         <subfield code="a">a-cc-sp</subfield>
      </datafield>
      <datafield tag="050" ind1=" " ind2="4">
         <subfield code="a">NA6047.J563</subfield>
         <subfield code="b">J536 2017</subfield>
      </datafield>
      <datafield tag="079" ind1=" " ind2=" ">
         <subfield code="a">(OCoLC)993127881</subfield>
      </datafield>
      <datafield tag="100" ind1="1" ind2=" ">
         <subfield code="6">880-01</subfield>
         <subfield code="a">Jiang, Yingju,</subfield>
         <subfield code="d">1938-</subfield>
         <subfield code="e">author.</subfield>
      </datafield>
      <datafield tag="245" ind1="1" ind2="0">
         <subfield code="6">880-02</subfield>
         <subfield code="a">Xiao tang shan shi ci =</subfield>
         <subfield code="b">Xiaotangshan shrine /</subfield>
         <subfield code="c">Jiang Yingju deng zhu ; Shandong Sheng shi ke yi shu bo wu guan, Shandong Sheng wen wu kao gu yan jiu suo bian.</subfield>
      </datafield>
      <datafield tag="246" ind1="3" ind2="1">
         <subfield code="a">Xiaotangshan shrine</subfield>
      </datafield>
      <datafield tag="250" ind1=" " ind2=" ">
         <subfield code="6">880-03</subfield>
         <subfield code="a">Di 1 ban.</subfield>
      </datafield>
      <datafield tag="264" ind1=" " ind2="1">
         <subfield code="6">880-04</subfield>
         <subfield code="a">Beijing Shi :</subfield>
         <subfield code="b">Wen wu chu ban she,</subfield>
         <subfield code="c">2017.</subfield>
      </datafield>
      <datafield tag="300" ind1=" " ind2=" ">
         <subfield code="a">148 pages :</subfield>
         <subfield code="b">illustrations ;</subfield>
         <subfield code="c">30 cm</subfield>
      </datafield>
      <datafield tag="336" ind1=" " ind2=" ">
         <subfield code="a">text</subfield>
         <subfield code="b">txt</subfield>
         <subfield code="2">rdacontent</subfield>
      </datafield>
      <datafield tag="337" ind1=" " ind2=" ">
         <subfield code="a">unmediated</subfield>
         <subfield code="b">n</subfield>
         <subfield code="2">rdamedia</subfield>
      </datafield>
      <datafield tag="338" ind1=" " ind2=" ">
         <subfield code="a">volume</subfield>
         <subfield code="b">nc</subfield>
         <subfield code="2">rdacarrier</subfield>
      </datafield>
      <datafield tag="504" ind1=" " ind2=" ">
         <subfield code="a">Includes bibliographical references (pages 112-114).</subfield>
      </datafield>
      <datafield tag="650" ind1=" " ind2="0">
         <subfield code="a">Ancestral shrines</subfield>
         <subfield code="z">China</subfield>
         <subfield code="z">Jinan Shi.</subfield>
      </datafield>
      <datafield tag="650" ind1=" " ind2="0">
         <subfield code="a">Architecture, Domestic</subfield>
         <subfield code="z">China</subfield>
         <subfield code="z">Jinan Shi.</subfield>
      </datafield>
      <datafield tag="650" ind1=" " ind2="7">
         <subfield code="a">Ancestral shrines.</subfield>
         <subfield code="2">fast</subfield>
         <subfield code="0">(OCoLC)fst00808472</subfield>
      </datafield>
      <datafield tag="650" ind1=" " ind2="7">
         <subfield code="a">Architecture, Domestic.</subfield>
         <subfield code="2">fast</subfield>
         <subfield code="0">(OCoLC)fst00813666</subfield>
      </datafield>
      <datafield tag="651" ind1=" " ind2="7">
         <subfield code="a">China</subfield>
         <subfield code="z">Jinan Shi.</subfield>
         <subfield code="2">fast</subfield>
         <subfield code="0">(OCoLC)fst01924348</subfield>
      </datafield>
      <datafield tag="650" ind1=" " ind2="4">
         <subfield code="6">880-05</subfield>
         <subfield code="a">Ancestral shrines</subfield>
         <subfield code="z">China</subfield>
         <subfield code="z">Jinan Shi</subfield>
         <subfield code="x">History.</subfield>
      </datafield>
      <datafield tag="651" ind1=" " ind2="4">
         <subfield code="6">880-06</subfield>
         <subfield code="a">Jinan Shi (China)</subfield>
         <subfield code="x">Antiquities.</subfield>
      </datafield>
      <datafield tag="710" ind1="2" ind2=" ">
         <subfield code="6">880-07</subfield>
         <subfield code="a">Shandong shi ke yi shu bo wu guan,</subfield>
         <subfield code="e">editor.</subfield>
      </datafield>
      <datafield tag="710" ind1="2" ind2=" ">
         <subfield code="6">880-08</subfield>
         <subfield code="a">Shandong Sheng wen wu kao gu yan jiu suo,</subfield>
         <subfield code="e">editor.</subfield>
      </datafield>
      <datafield tag="880" ind1="1" ind2=" ">
         <subfield code="6">100-01/</subfield>
         <subfield code="a">蒋英炬,</subfield>
         <subfield code="d">1938-</subfield>
         <subfield code="e">author.</subfield>
      </datafield>
      <datafield tag="880" ind1="1" ind2="0">
         <subfield code="6">245-02/</subfield>
         <subfield code="a">孝堂山石祠 =</subfield>
         <subfield code="b">Xiaotangshan shrine /</subfield>
         <subfield code="c">蒋英炬等著 ; 山东省石刻艺术博物馆, 山东省文物考古研究所编.</subfield>
      </datafield>
      <datafield tag="880" ind1=" " ind2=" ">
         <subfield code="6">250-03/</subfield>
         <subfield code="a">第1版.</subfield>
      </datafield>
      <datafield tag="880" ind1=" " ind2="1">
         <subfield code="6">264-04/</subfield>
         <subfield code="a">北京市 :</subfield>
         <subfield code="b">文物出版社,</subfield>
         <subfield code="c">2017.</subfield>
      </datafield>
      <datafield tag="880" ind1=" " ind2="4">
         <subfield code="6">650-05/</subfield>
         <subfield code="a">Ancestral shrines</subfield>
         <subfield code="z">China</subfield>
         <subfield code="z">济南市</subfield>
         <subfield code="x">History.</subfield>
      </datafield>
      <datafield tag="880" ind1=" " ind2="4">
         <subfield code="6">651-06/</subfield>
         <subfield code="a">济南市 (China)</subfield>
         <subfield code="x">Antiquities.</subfield>
      </datafield>
      <datafield tag="880" ind1="2" ind2=" ">
         <subfield code="6">710-07/</subfield>
         <subfield code="a">山东石刻艺术博物馆,</subfield>
         <subfield code="e">editor.</subfield>
      </datafield>
      <datafield tag="880" ind1="2" ind2=" ">
         <subfield code="6">710-08/</subfield>
         <subfield code="a">山东省文物考古研究所,</subfield>
         <subfield code="e">editor.</subfield>
      </datafield>
      <datafield tag="OWN" ind1=" " ind2=" ">
         <subfield code="a">GENERAL</subfield>
      </datafield>
      <datafield tag="AVA" ind1=" " ind2=" ">
         <subfield code="a">NYU50</subfield>
         <subfield code="b">BOBST</subfield>
         <subfield code="c">East Asian</subfield>
         <subfield code="d">NA6047.J563 J536 2017</subfield>
         <subfield code="e">available</subfield>
         <subfield code="t">Available</subfield>
         <subfield code="f">1</subfield>
         <subfield code="g">0</subfield>
         <subfield code="h">N</subfield>
         <subfield code="i">0</subfield>
         <subfield code="j">EASIA</subfield>
         <subfield code="k">0</subfield>
      </datafield>
      <datafield tag="AVA" ind1=" " ind2=" ">
         <subfield code="a">NYU50</subfield>
         <subfield code="b">NISAW</subfield>
         <subfield code="c">Large Collection</subfield>
         <subfield code="d">NA6047.J563 J536 2017 Non-circulating</subfield>
         <subfield code="e">available</subfield>
         <subfield code="t">Available</subfield>
         <subfield code="f">1</subfield>
         <subfield code="g">0</subfield>
         <subfield code="h">N</subfield>
         <subfield code="i">0</subfield>
         <subfield code="j">LARGE</subfield>
         <subfield code="k">0</subfield>
      </datafield>
      <marc:datafield tag="852" ind1=" " ind2=" ">
         <marc:subfield code="b">Institute for the Study of the Ancient World, </marc:subfield>
         <marc:subfield code="c">Large Collection</marc:subfield>
         <marc:subfield code="e">15 East 84th St., </marc:subfield>
         <marc:subfield code="e">New York, NY  10028</marc:subfield>
      </marc:datafield>
   </record>