
  
  
  
  
  
  
  
  
  
  
  
 
  
  <record xsi:schemaLocation="http://www.loc.gov/MARC21/slim http://www.loc.gov/standards/marcxml/schema/MARC21slim.xsd">
      <leader>00000cam a22     Ia 4500</leader>
      <controlfield tag="FMT">BK</controlfield>
      <controlfield tag="LDR">00000cam a22     Ia 4500</controlfield>
      <controlfield tag="001">006333947</controlfield>
      <controlfield tag="005">20180924135540.0</controlfield>
      <controlfield tag="008">180920s2008    oncabe   b    000 0 eng d</controlfield>
      <datafield tag="035" ind1=" " ind2=" ">
         <subfield code="a">(OCoLC)551378286</subfield>
      </datafield>
      <datafield tag="040" ind1=" " ind2=" ">
         <subfield code="a">YDXCP</subfield>
         <subfield code="b">eng</subfield>
         <subfield code="c">YDXCP</subfield>
         <subfield code="d">VTU</subfield>
         <subfield code="d">TOZ</subfield>
         <subfield code="d">OCLCF</subfield>
         <subfield code="d">OCLCO</subfield>
         <subfield code="d">OCLCQ</subfield>
         <subfield code="d">DHA</subfield>
         <subfield code="d">OCLCQ</subfield>
         <subfield code="d">ZYU</subfield>
      </datafield>
      <datafield tag="043" ind1=" " ind2=" ">
         <subfield code="a">a-cy---</subfield>
         <subfield code="a">mm-----</subfield>
      </datafield>
      <datafield tag="050" ind1=" " ind2="4">
         <subfield code="a">DS54.3</subfield>
         <subfield code="b">.C978 2008</subfield>
      </datafield>
      <datafield tag="079" ind1=" " ind2=" ">
         <subfield code="a">(OCoLC)551378286</subfield>
      </datafield>
      <datafield tag="082" ind1="0" ind2=" ">
         <subfield code="a">939.37</subfield>
         <subfield code="2">22</subfield>
      </datafield>
      <datafield tag="245" ind1="0" ind2="0">
         <subfield code="a">Cyprus, the sea peoples and the eastern Mediterranean :</subfield>
         <subfield code="b">regional perspectives of continuity and change /</subfield>
         <subfield code="c">guest editor, Timothy P. Harrison.</subfield>
      </datafield>
      <datafield tag="260" ind1=" " ind2=" ">
         <subfield code="a">[Toronto, Ontario] :</subfield>
         <subfield code="b">Canadian Institute for Mediterranean Studies,</subfield>
         <subfield code="c">2008.</subfield>
      </datafield>
      <datafield tag="300" ind1=" " ind2=" ">
         <subfield code="a">337 pages :</subfield>
         <subfield code="b">illustrations, maps, plans ;</subfield>
         <subfield code="c">24 cm</subfield>
      </datafield>
      <datafield tag="336" ind1=" " ind2=" ">
         <subfield code="a">text</subfield>
         <subfield code="b">txt</subfield>
         <subfield code="2">rdacontent</subfield>
      </datafield>
      <datafield tag="337" ind1=" " ind2=" ">
         <subfield code="a">unmediated</subfield>
         <subfield code="b">n</subfield>
         <subfield code="2">rdamedia</subfield>
      </datafield>
      <datafield tag="338" ind1=" " ind2=" ">
         <subfield code="a">volume</subfield>
         <subfield code="b">nc</subfield>
         <subfield code="2">rdacarrier</subfield>
      </datafield>
      <datafield tag="500" ind1=" " ind2=" ">
         <subfield code="a">Special issue of: Scripta Mediterranea, volumes 27-28 (2006-2007).</subfield>
      </datafield>
      <datafield tag="504" ind1=" " ind2=" ">
         <subfield code="a">Includes bibliographical references.</subfield>
      </datafield>
      <datafield tag="505" ind1="0" ind2="0">
         <subfield code="t">Introduction /</subfield>
         <subfield code="r">Timothy P. Harrison.</subfield>
         <subfield code="t">Philology, Iconography and Chronology.</subfield>
         <subfield code="t">The Tjeker /</subfield>
         <subfield code="r">Donald Redford --</subfield>
         <subfield code="t">The sea-peoples and identity /</subfield>
         <subfield code="r">Baruch Halpern --</subfield>
         <subfield code="t">Philistine religion : text and archaeology /</subfield>
         <subfield code="r">Carl. S. Ehrlich --</subfield>
         <subfield code="t">Why radiocarbon dating 1200 BCE is difficult : a sidelight on dating the end of the late Bronze Age and the Contrarian contribution /</subfield>
         <subfield code="r">Stuart W. Manning.</subfield>
         <subfield code="t">Cypriot perspectives.</subfield>
         <subfield code="t">The 'aegeanization' of Cyprus at the end of the Bronze Age : an architectural perspective /</subfield>
         <subfield code="r">Kevin D. Fisher --</subfield>
         <subfield code="t">The problem of regional variation of Mycenean IIIC:1 pottery : the view from Cyprus /</subfield>
         <subfield code="r">Laura Gagne --</subfield>
         <subfield code="t">The late Bronze Age presence in Cypus and the Levant : Mycenaean colonies of acculturation and settlement /</subfield>
         <subfield code="r">Aristomenes Polyzois.</subfield>
         <subfield code="t">Northern Levantine perspectives.</subfield>
         <subfield code="t">The nature and extent of Aegean contact at Tell Ta'yinat and vicinity in the early Iron Age : evidence of the sea peoples? /</subfield>
         <subfield code="r">Brian Janeway --</subfield>
         <subfield code="t">Modeling a Mycenaean menu : can Aegean populations be defined in Near Eastern contexts based on their diet /</subfield>
         <subfield code="r">David R. Lipovitch --</subfield>
         <subfield code="t">The early Iron Age in the northern Levant : continuity and change in the pottery assemblages from Ras el-Bassit and Ras Ibn Hani /</subfield>
         <subfield code="r">Lione du Piêd --</subfield>
         <subfield code="t">Les peuples des céramiques 'barbares' à Tell Kazel (Syrie) /</subfield>
         <subfield code="r">Emmanuelle Capet.</subfield>
         <subfield code="t">Southern Levantine perspectives.</subfield>
         <subfield code="t">Fragmenting the sea peoples, with an emphasis on Cyprus, Syria, and Egypt : a Tel Dor perspective /</subfield>
         <subfield code="r">Ayelet Gilboa --</subfield>
         <subfield code="t">The Philistines in context : the transmission and appropriation of Mycenaean-style culture in the east Aegean, southeastern coastal Anatolia, and the Levant /</subfield>
         <subfield code="r">Ann E. Kilbrew --</subfield>
         <subfield code="t">Cultural diversity, ethnicity and power imbalance in early Iron Age Philistia /</subfield>
         <subfield code="r">David Ben-Shlomo --</subfield>
         <subfield code="t">The industrious sea peoples : the evidence of Aegean-style textile production in Cyprus and the southern Levant /</subfield>
         <subfield code="r">Laura B. Mazow --</subfield>
         <subfield code="t">Imminent invasion : the abandonment of Philistine Ekron /</subfield>
         <subfield code="r">Edward F. Maher.</subfield>
      </datafield>
      <datafield tag="500" ind1=" " ind2=" ">
         <subfield code="a">ISAW copy is from the library of Lawrence E. Stager.</subfield>
         <subfield code="5">NyNyUAW</subfield>
      </datafield>
      <datafield tag="651" ind1=" " ind2="0">
         <subfield code="a">Cyprus</subfield>
         <subfield code="x">Antiquities.</subfield>
      </datafield>
      <datafield tag="650" ind1=" " ind2="0">
         <subfield code="a">Sea Peoples</subfield>
         <subfield code="z">Mediterranean Region.</subfield>
      </datafield>
      <datafield tag="651" ind1=" " ind2="0">
         <subfield code="a">Mediterranean Region</subfield>
         <subfield code="x">Antiquities.</subfield>
      </datafield>
      <datafield tag="650" ind1=" " ind2="0">
         <subfield code="a">Philistines.</subfield>
      </datafield>
      <datafield tag="651" ind1=" " ind2="7">
         <subfield code="a">Cyprus (island)</subfield>
         <subfield code="2">pleiades</subfield>
         <subfield code="0">https://pleiades.stoa.org/places/707498</subfield>
         <subfield code="5">NyNyUAW</subfield>
      </datafield>
      <datafield tag="650" ind1=" " ind2="7">
         <subfield code="a">Antiquities.</subfield>
         <subfield code="2">fast</subfield>
         <subfield code="0">(OCoLC)fst00810745</subfield>
      </datafield>
      <datafield tag="650" ind1=" " ind2="7">
         <subfield code="a">Sea Peoples.</subfield>
         <subfield code="2">fast</subfield>
         <subfield code="0">(OCoLC)fst01109977</subfield>
      </datafield>
      <datafield tag="651" ind1=" " ind2="7">
         <subfield code="a">Cyprus.</subfield>
         <subfield code="2">fast</subfield>
         <subfield code="0">(OCoLC)fst01205213</subfield>
      </datafield>
      <datafield tag="651" ind1=" " ind2="7">
         <subfield code="a">Mediterranean Region.</subfield>
         <subfield code="2">fast</subfield>
         <subfield code="0">(OCoLC)fst01239752</subfield>
      </datafield>
      <datafield tag="700" ind1="1" ind2=" ">
         <subfield code="a">Harrison, Timothy.</subfield>
      </datafield>
      <datafield tag="700" ind1="1" ind2=" ">
         <subfield code="a">Stager, Lawrence E.,</subfield>
         <subfield code="e">former owner.</subfield>
         <subfield code="5">NyNyUAW</subfield>
      </datafield>
      <datafield tag="710" ind1="2" ind2=" ">
         <subfield code="a">Canadian Institute for Mediterranean Studies.</subfield>
      </datafield>
      <datafield tag="730" ind1="0" ind2="2">
         <subfield code="a">Scripta Mediterranea.</subfield>
      </datafield>
      <datafield tag="740" ind1="0" ind2=" ">
         <subfield code="a">Stager Collection.</subfield>
         <subfield code="5">NyNyUAW</subfield>
      </datafield>
      <datafield tag="OWN" ind1=" " ind2=" ">
         <subfield code="a">GENERAL</subfield>
      </datafield>
      <datafield tag="AVA" ind1=" " ind2=" ">
         <subfield code="a">NYU50</subfield>
         <subfield code="b">NISAW</subfield>
         <subfield code="c">Small Collection</subfield>
         <subfield code="d">DS54.3 .C978 2008 Non-circulating</subfield>
         <subfield code="e">available</subfield>
         <subfield code="t">Available</subfield>
         <subfield code="f">1</subfield>
         <subfield code="g">0</subfield>
         <subfield code="h">N</subfield>
         <subfield code="i">0</subfield>
         <subfield code="j">SMALL</subfield>
         <subfield code="k">0</subfield>
      </datafield>
      <marc:datafield tag="852" ind1=" " ind2=" ">
         <marc:subfield code="b">Institute for the Study of the Ancient World, </marc:subfield>
         <marc:subfield code="c">Small Collection</marc:subfield>
         <marc:subfield code="e">15 East 84th St., </marc:subfield>
         <marc:subfield code="e">New York, NY  10028</marc:subfield>
      </marc:datafield>
   </record>