
  
  
  
  
  
  
  
  
  
  
  
  
 
  
  <record xsi:schemaLocation="http://www.loc.gov/MARC21/slim http://www.loc.gov/standards/marcxml/schema/MARC21slim.xsd">
      <leader>00000cam a22     Ii 4500</leader>
      <controlfield tag="FMT">BK</controlfield>
      <controlfield tag="LDR">00000cam a22     Ii 4500</controlfield>
      <controlfield tag="001">006335822</controlfield>
      <controlfield tag="005">20180928124628.0</controlfield>
      <controlfield tag="008">180926s2017    it ab    b    001 0 ita d</controlfield>
      <datafield tag="020" ind1=" " ind2=" ">
         <subfield code="a">9788863181371</subfield>
      </datafield>
      <datafield tag="020" ind1=" " ind2=" ">
         <subfield code="a">8863181373</subfield>
      </datafield>
      <datafield tag="035" ind1=" " ind2=" ">
         <subfield code="a">(OCoLC)994744740</subfield>
         <subfield code="z">(OCoLC)1042190985</subfield>
      </datafield>
      <datafield tag="040" ind1=" " ind2=" ">
         <subfield code="a">NARDE</subfield>
         <subfield code="b">eng</subfield>
         <subfield code="e">rda</subfield>
         <subfield code="c">NARDE</subfield>
         <subfield code="d">OCLCQ</subfield>
         <subfield code="d">C3L</subfield>
         <subfield code="d">DEBBG</subfield>
         <subfield code="d">OCLCO</subfield>
         <subfield code="d">EYM</subfield>
         <subfield code="d">OCLCO</subfield>
         <subfield code="d">NOC</subfield>
         <subfield code="d">FDA</subfield>
         <subfield code="d">OCLCF</subfield>
         <subfield code="d">RPY</subfield>
         <subfield code="d">ZYU</subfield>
      </datafield>
      <datafield tag="041" ind1="0" ind2=" ">
         <subfield code="a">ita</subfield>
         <subfield code="a">grc</subfield>
      </datafield>
      <datafield tag="043" ind1=" " ind2=" ">
         <subfield code="a">a-tu---</subfield>
      </datafield>
      <datafield tag="050" ind1=" " ind2="4">
         <subfield code="a">DS156.A557</subfield>
         <subfield code="b">A74 2017</subfield>
      </datafield>
      <datafield tag="079" ind1=" " ind2=" ">
         <subfield code="a">(OCoLC)994744740</subfield>
      </datafield>
      <datafield tag="082" ind1="1" ind2="4">
         <subfield code="a">930</subfield>
      </datafield>
      <datafield tag="084" ind1=" " ind2=" ">
         <subfield code="a">ALT</subfield>
         <subfield code="q">DE-12</subfield>
         <subfield code="2">fid</subfield>
      </datafield>
      <datafield tag="100" ind1="1" ind2=" ">
         <subfield code="a">Arena, Gaetano,</subfield>
         <subfield code="d">1969-</subfield>
         <subfield code="e">author.</subfield>
      </datafield>
      <datafield tag="245" ind1="1" ind2="0">
         <subfield code="a">Comunità di villaggio nell'Anatolia romana :</subfield>
         <subfield code="b">il dossier epigrafico degli Xenoi Tekmoreioi /</subfield>
         <subfield code="c">Gaetano Arena.</subfield>
      </datafield>
      <datafield tag="264" ind1=" " ind2="1">
         <subfield code="a">Acireale, Roma [Italy] :</subfield>
         <subfield code="b">Bonanno editore,</subfield>
         <subfield code="c">2017.</subfield>
      </datafield>
      <datafield tag="300" ind1=" " ind2=" ">
         <subfield code="a">378 pages :</subfield>
         <subfield code="b">illustrations (some color), maps ;</subfield>
         <subfield code="c">24 cm.</subfield>
      </datafield>
      <datafield tag="336" ind1=" " ind2=" ">
         <subfield code="a">text</subfield>
         <subfield code="b">txt</subfield>
         <subfield code="2">rdacontent</subfield>
      </datafield>
      <datafield tag="337" ind1=" " ind2=" ">
         <subfield code="a">unmediated</subfield>
         <subfield code="b">n</subfield>
         <subfield code="2">rdamedia</subfield>
      </datafield>
      <datafield tag="338" ind1=" " ind2=" ">
         <subfield code="a">volume</subfield>
         <subfield code="b">nc</subfield>
         <subfield code="2">rdacarrier</subfield>
      </datafield>
      <datafield tag="490" ind1="1" ind2=" ">
         <subfield code="a">Analecta humanitatis ;</subfield>
         <subfield code="v">33</subfield>
      </datafield>
      <datafield tag="504" ind1=" " ind2=" ">
         <subfield code="a">Includes bibliographical references (pages 333-378) and indices.</subfield>
      </datafield>
      <datafield tag="546" ind1=" " ind2=" ">
         <subfield code="a">In Italian with passages in Greek.</subfield>
      </datafield>
      <datafield tag="505" ind1="0" ind2="0">
         <subfield code="g">Introduzione --</subfield>
         <subfield code="t">Contesti di rinvenimento e datazione dei documenti --</subfield>
         <subfield code="t">Testo e traduzione delle epigrafi --</subfield>
         <subfield code="t">I siti --</subfield>
         <subfield code="t">Somme donate e forme di proprietà terriera --</subfield>
         <subfield code="t">Antroponimi greci, romani e indigeni --</subfield>
         <subfield code="t">Collegiati e convitati --</subfield>
         <subfield code="t">Strabone e il "doppio" santuario di Men --</subfield>
         <subfield code="t">Divinità anatoliche e dèi del pantheon classico --</subfield>
         <subfield code="t">Da Men ad Artemide: il τέκμωρ, simbolo di Σελήνη --</subfield>
         <subfield code="t">Aspetti linguistici.</subfield>
      </datafield>
      <datafield tag="650" ind1=" " ind2="0">
         <subfield code="a">Xenoi Tekmoreioi (Cult)</subfield>
      </datafield>
      <datafield tag="650" ind1=" " ind2="0">
         <subfield code="a">Cults</subfield>
         <subfield code="z">Turkey</subfield>
         <subfield code="z">Antioch in Pisidia (Extinct city)</subfield>
      </datafield>
      <datafield tag="650" ind1=" " ind2="0">
         <subfield code="a">Inscriptions, Greek</subfield>
         <subfield code="z">Turkey</subfield>
         <subfield code="z">Antioch in Pisidia (Extinct city)</subfield>
      </datafield>
      <datafield tag="651" ind1=" " ind2="0">
         <subfield code="a">Antioch in Pisidia (Extinct city)</subfield>
         <subfield code="x">Religion.</subfield>
      </datafield>
      <datafield tag="650" ind1=" " ind2="0">
         <subfield code="a">Greeks</subfield>
         <subfield code="z">Turkey</subfield>
         <subfield code="z">Antioch in Pisidia (Extinct city)</subfield>
      </datafield>
      <datafield tag="651" ind1=" " ind2="0">
         <subfield code="a">Turkey</subfield>
         <subfield code="x">Antiquities.</subfield>
      </datafield>
      <datafield tag="651" ind1=" " ind2="7">
         <subfield code="a">Antiochia/Col. Caesarea.</subfield>
         <subfield code="2">pleiades</subfield>
         <subfield code="0">https://pleiades.stoa.org/places/609307</subfield>
         <subfield code="5">NyNyUAW</subfield>
      </datafield>
      <datafield tag="650" ind1=" " ind2="7">
         <subfield code="a">Römerzeit</subfield>
         <subfield code="2">gnd</subfield>
         <subfield code="0">(DE-588)4076769-3</subfield>
      </datafield>
      <datafield tag="650" ind1=" " ind2="7">
         <subfield code="a">Religion</subfield>
         <subfield code="2">gnd</subfield>
         <subfield code="0">(DE-588)4049396-9</subfield>
      </datafield>
      <datafield tag="650" ind1=" " ind2="7">
         <subfield code="a">Inschrift</subfield>
         <subfield code="2">gnd</subfield>
         <subfield code="0">(DE-588)4027107-9</subfield>
      </datafield>
      <datafield tag="650" ind1=" " ind2="7">
         <subfield code="a">Griechisch</subfield>
         <subfield code="2">gnd</subfield>
         <subfield code="0">(DE-588)4113791-7</subfield>
      </datafield>
      <datafield tag="651" ind1=" " ind2="7">
         <subfield code="a">Antiochia</subfield>
         <subfield code="g">Pisidien</subfield>
         <subfield code="2">gnd</subfield>
         <subfield code="0">(DE-588)4590398-0</subfield>
      </datafield>
      <datafield tag="650" ind1=" " ind2="7">
         <subfield code="a">Antiquities.</subfield>
         <subfield code="2">fast</subfield>
         <subfield code="0">(OCoLC)fst00810745</subfield>
      </datafield>
      <datafield tag="650" ind1=" " ind2="7">
         <subfield code="a">Cults.</subfield>
         <subfield code="2">fast</subfield>
         <subfield code="0">(OCoLC)fst00884980</subfield>
      </datafield>
      <datafield tag="650" ind1=" " ind2="7">
         <subfield code="a">Greeks.</subfield>
         <subfield code="2">fast</subfield>
         <subfield code="0">(OCoLC)fst00947546</subfield>
      </datafield>
      <datafield tag="650" ind1=" " ind2="7">
         <subfield code="a">Inscriptions, Greek.</subfield>
         <subfield code="2">fast</subfield>
         <subfield code="0">(OCoLC)fst00973878</subfield>
      </datafield>
      <datafield tag="650" ind1=" " ind2="7">
         <subfield code="a">Religion.</subfield>
         <subfield code="2">fast</subfield>
         <subfield code="0">(OCoLC)fst01093763</subfield>
      </datafield>
      <datafield tag="651" ind1=" " ind2="7">
         <subfield code="a">Turkey.</subfield>
         <subfield code="2">fast</subfield>
         <subfield code="0">(OCoLC)fst01208963</subfield>
      </datafield>
      <datafield tag="651" ind1=" " ind2="7">
         <subfield code="a">Turkey</subfield>
         <subfield code="z">Antioch in Pisidia (Extinct city)</subfield>
         <subfield code="2">fast</subfield>
         <subfield code="0">(OCoLC)fst01897040</subfield>
      </datafield>
      <datafield tag="653" ind1="1" ind2=" ">
         <subfield code="a">History of ancient world to ca. 499</subfield>
         <subfield code="a">Linguistics</subfield>
      </datafield>
      <datafield tag="830" ind1=" " ind2="0">
         <subfield code="a">Analecta humanitatis ;</subfield>
         <subfield code="v">33.</subfield>
      </datafield>
      <datafield tag="856" ind1="4" ind2="2">
         <subfield code="3">Table of contents only.</subfield>
         <subfield code="u">http://bvbr.bib-bvb.de:8991/F?func=service&amp;doc_library=BVB01&amp;local_base=BVB01&amp;doc_number=030114052&amp;sequence=000001&amp;line_number=0001&amp;func_code=DB_RECORDS&amp;service_type=MEDIA</subfield>
      </datafield>
      <datafield tag="OWN" ind1=" " ind2=" ">
         <subfield code="a">GENERAL</subfield>
      </datafield>
      <datafield tag="AVA" ind1=" " ind2=" ">
         <subfield code="a">NYU50</subfield>
         <subfield code="b">NISAW</subfield>
         <subfield code="c">Small Collection</subfield>
         <subfield code="d">DS156.A557 A74 2017 Non-circulating</subfield>
         <subfield code="e">available</subfield>
         <subfield code="t">Available</subfield>
         <subfield code="f">1</subfield>
         <subfield code="g">0</subfield>
         <subfield code="h">N</subfield>
         <subfield code="i">0</subfield>
         <subfield code="j">SMALL</subfield>
         <subfield code="k">0</subfield>
      </datafield>
      <marc:datafield tag="852" ind1=" " ind2=" ">
         <marc:subfield code="b">Institute for the Study of the Ancient World, </marc:subfield>
         <marc:subfield code="c">Small Collection</marc:subfield>
         <marc:subfield code="e">15 East 84th St., </marc:subfield>
         <marc:subfield code="e">New York, NY  10028</marc:subfield>
      </marc:datafield>
   </record>