
  
  
  
  
  
  
  
  
  
  
  
  
  
 
  
  <record xsi:schemaLocation="http://www.loc.gov/MARC21/slim http://www.loc.gov/standards/marcxml/schema/MARC21slim.xsd">
      <leader>00000cam a22      i 4500</leader>
      <controlfield tag="FMT">BK</controlfield>
      <controlfield tag="LDR">00000cam a22      i 4500</controlfield>
      <controlfield tag="001">006335760</controlfield>
      <controlfield tag="005">20180928124007.0</controlfield>
      <controlfield tag="008">180926s2018    ne a     b    011 0 eng c</controlfield>
      <datafield tag="010" ind1=" " ind2=" ">
         <subfield code="a">  2018001101</subfield>
      </datafield>
      <datafield tag="020" ind1=" " ind2=" ">
         <subfield code="a">9789004363373</subfield>
         <subfield code="q">hardcover ;</subfield>
         <subfield code="q">alkaline paper</subfield>
      </datafield>
      <datafield tag="020" ind1=" " ind2=" ">
         <subfield code="a">9004363378</subfield>
         <subfield code="q">hardcover ;</subfield>
         <subfield code="q">alkaline paper</subfield>
      </datafield>
      <datafield tag="024" ind1="8" ind2=" ">
         <subfield code="a">40028301768</subfield>
      </datafield>
      <datafield tag="035" ind1=" " ind2=" ">
         <subfield code="a">(OCoLC)1023824063</subfield>
      </datafield>
      <datafield tag="040" ind1=" " ind2=" ">
         <subfield code="a">DGU/DLC</subfield>
         <subfield code="b">eng</subfield>
         <subfield code="e">rda</subfield>
         <subfield code="c">DLC</subfield>
         <subfield code="d">OCLCO</subfield>
         <subfield code="d">OCLCF</subfield>
         <subfield code="d">OCLCQ</subfield>
         <subfield code="d">YDX</subfield>
         <subfield code="d">OCLCO</subfield>
         <subfield code="d">OHX</subfield>
         <subfield code="d">YUS</subfield>
         <subfield code="d">NNU</subfield>
      </datafield>
      <datafield tag="042" ind1=" " ind2=" ">
         <subfield code="a">pcc</subfield>
      </datafield>
      <datafield tag="050" ind1="0" ind2="0">
         <subfield code="a">Q124.95</subfield>
         <subfield code="b">.S33 2018</subfield>
      </datafield>
      <datafield tag="079" ind1=" " ind2=" ">
         <subfield code="a">(OCoLC)1023824063</subfield>
      </datafield>
      <datafield tag="082" ind1="0" ind2="0">
         <subfield code="a">509.35</subfield>
         <subfield code="2">23</subfield>
      </datafield>
      <datafield tag="245" ind1="0" ind2="4">
         <subfield code="a">The scaffolding of our thoughts :</subfield>
         <subfield code="b">essays on Assyriology and the history of science in honor of Francesca Rochberg /</subfield>
         <subfield code="c">edited by C. Jay Crisostomo, Eduardo A. Escobar, Terri Tanaka, Niek Veldhuis.</subfield>
      </datafield>
      <datafield tag="264" ind1=" " ind2="1">
         <subfield code="a">Leiden ;</subfield>
         <subfield code="a">Boston :</subfield>
         <subfield code="b">Brill,</subfield>
         <subfield code="c">[2018]</subfield>
      </datafield>
      <datafield tag="300" ind1=" " ind2=" ">
         <subfield code="a">xx, 452 pages :</subfield>
         <subfield code="b">illustrations (some color) ;</subfield>
         <subfield code="c">25 cm.</subfield>
      </datafield>
      <datafield tag="336" ind1=" " ind2=" ">
         <subfield code="a">text</subfield>
         <subfield code="b">txt</subfield>
         <subfield code="2">rdacontent</subfield>
      </datafield>
      <datafield tag="337" ind1=" " ind2=" ">
         <subfield code="a">unmediated</subfield>
         <subfield code="b">n</subfield>
         <subfield code="2">rdamedia</subfield>
      </datafield>
      <datafield tag="338" ind1=" " ind2=" ">
         <subfield code="a">volume</subfield>
         <subfield code="b">nc</subfield>
         <subfield code="2">rdacarrier</subfield>
      </datafield>
      <datafield tag="490" ind1="1" ind2=" ">
         <subfield code="a">Ancient magic and divination,</subfield>
         <subfield code="x">1566-7952 ;</subfield>
         <subfield code="v">volume 13</subfield>
      </datafield>
      <datafield tag="504" ind1=" " ind2=" ">
         <subfield code="a">Includes bibliographical references and indexes.</subfield>
      </datafield>
      <datafield tag="505" ind1="0" ind2=" ">
         <subfield code="a">Publications of Francesca Rochberg -- Where next for "ancient science"? / G.E.R. Lloyd -- Crow omens in Mesopotamia / Ann Kessler Guinan -- Old signs in new dress? : On the meaning of Inanna's symbol as sign and "presence" in OB divination / Abraham Winitzer -- Material, constellation, image, God : the fate of the chosen bull according to kar 50 and duplicates / Alan Lenzi -- A late Babylonian compilation concerning ritual timing and materia medica / Matthew Rutz -- Bm 40187 : a birthnote for two named individuals / Willis Monroe -- Converging fortunes-links between celestial and intestinal divination / Ulla Susanne Koch -- Sumerian divination / Jay Crisostomo -- The form and history of a Babylonian prayer to Nabu / Tzvi Abusch -- Translation in the elevation of Istar / Niek Veldhuis -- Judean scribalism, documentary epistemology, and the name / Jeffrey L. Cooley -- Dating eae : when was the astrological series Enuma Anu Ellil created? / Nils P. Heebel -- Bricoleurs in Babylonia : the scribes of Enuma Anu Enlil / Eduardo A. Escobar and Laurie E. Pearce -- The date of the accession of Nabonidus to the throne of Babylon :a reappraisal of the evidence / Grant Frame -- Intercalary months in Achaemenid Elamite administrative documents from Persepolis / Matthew W. Stolper -- The importance of experts : agents in the transfer of astral knowledge between Hellenistic Mesopotamia and the Greek-speaking world / Zoe Misiewicz -- Diodorus on the Chaldeans / Alexander Jones and John Steele -- Observing eclipses : an optical question in problemata / Alan C. Bowen -- Chaldeans on the Nile : two Egyptian astronomical procedure texts with Babylonian systems A1 and A2 for Mercury / Mathieu Ossendrijver and Andreas Winkler -- Clever machines and the gods who make them : the Antikythera Mechanism and the ancient Imagination / Daryn Lehoux.</subfield>
      </datafield>
      <datafield tag="520" ind1=" " ind2=" ">
         <subfield code="a">Francesca Rochberg has for more than thirty-five years been a leading figure in the study of ancient science. Her foundational insights on the concepts of "science," "canon," "celestial divination," "knowledge," "gods," and "nature" in cuneiform cultures have demanded continual contemplation on the tenets and assumptions that underlie the fields of Assyriology and the History of Science. "The Scaffolding of Our Thoughts" honors this luminary with twenty essays, each reflecting on aspects of her work. Following an initial appraisal of ancient "science" by Sir Geoffrey Lloyd, the contributions in the first half explore practices of knowledge in Assyriological sources. The second half of the volume focuses specifically on astronomical and astrological spheres of knowledge in the Ancient Mediterranean.</subfield>
      </datafield>
      <datafield tag="650" ind1=" " ind2="0">
         <subfield code="a">Science, Ancient.</subfield>
      </datafield>
      <datafield tag="650" ind1=" " ind2="0">
         <subfield code="a">Assyriology.</subfield>
      </datafield>
      <datafield tag="650" ind1=" " ind2="0">
         <subfield code="a">Civilization, Assyro-Babylonian.</subfield>
      </datafield>
      <datafield tag="651" ind1=" " ind2="7">
         <subfield code="a">Babylonia.</subfield>
         <subfield code="2">pleiades</subfield>
         <subfield code="0">https://pleiades.stoa.org/places/912816</subfield>
         <subfield code="5">NyNyUAW</subfield>
      </datafield>
      <datafield tag="651" ind1=" " ind2="7">
         <subfield code="a">(As)Syria.</subfield>
         <subfield code="2">pleiades</subfield>
         <subfield code="0">https://pleiades.stoa.org/places/29492</subfield>
         <subfield code="5">NyNyUAW</subfield>
      </datafield>
      <datafield tag="650" ind1=" " ind2="7">
         <subfield code="a">Assyriology.</subfield>
         <subfield code="2">fast</subfield>
         <subfield code="0">(OCoLC)fst00819244</subfield>
      </datafield>
      <datafield tag="650" ind1=" " ind2="7">
         <subfield code="a">Civilization, Assyro-Babylonian.</subfield>
         <subfield code="2">fast</subfield>
         <subfield code="0">(OCoLC)fst00862983</subfield>
      </datafield>
      <datafield tag="650" ind1=" " ind2="7">
         <subfield code="a">Science, Ancient.</subfield>
         <subfield code="2">fast</subfield>
         <subfield code="0">(OCoLC)fst01108800</subfield>
      </datafield>
      <datafield tag="700" ind1="1" ind2=" ">
         <subfield code="a">Crisostomo, C. Jay,</subfield>
         <subfield code="e">editor.</subfield>
      </datafield>
      <datafield tag="700" ind1="1" ind2=" ">
         <subfield code="a">Escobar, Eduardo A.,</subfield>
         <subfield code="e">editor.</subfield>
      </datafield>
      <datafield tag="700" ind1="1" ind2=" ">
         <subfield code="a">Tanaka, Terri,</subfield>
         <subfield code="e">editor.</subfield>
      </datafield>
      <datafield tag="700" ind1="1" ind2=" ">
         <subfield code="a">Veldhuis, Niek,</subfield>
         <subfield code="e">editor.</subfield>
      </datafield>
      <datafield tag="700" ind1="1" ind2=" ">
         <subfield code="a">Rochberg, Francesca,</subfield>
         <subfield code="d">1952-</subfield>
         <subfield code="e">honouree.</subfield>
      </datafield>
      <datafield tag="776" ind1="0" ind2="8">
         <subfield code="i">Online version:</subfield>
         <subfield code="t">Scaffolding of our thoughts.</subfield>
         <subfield code="d">Leiden ; Boston : Brill, 2018</subfield>
         <subfield code="z">9789004363380</subfield>
         <subfield code="w">(DLC) 2018008028</subfield>
      </datafield>
      <datafield tag="830" ind1=" " ind2="0">
         <subfield code="a">Ancient magic and divination ;</subfield>
         <subfield code="v">13.</subfield>
      </datafield>
      <datafield tag="OWN" ind1=" " ind2=" ">
         <subfield code="a">GENERAL</subfield>
      </datafield>
      <datafield tag="AVA" ind1=" " ind2=" ">
         <subfield code="a">NYU50</subfield>
         <subfield code="b">NISAW</subfield>
         <subfield code="c">Small Collection</subfield>
         <subfield code="d">Q124.95 .S33 2018 Non-circulating</subfield>
         <subfield code="e">available</subfield>
         <subfield code="t">Available</subfield>
         <subfield code="f">1</subfield>
         <subfield code="g">0</subfield>
         <subfield code="h">N</subfield>
         <subfield code="i">0</subfield>
         <subfield code="j">SMALL</subfield>
         <subfield code="k">0</subfield>
      </datafield>
      <marc:datafield tag="852" ind1=" " ind2=" ">
         <marc:subfield code="b">Institute for the Study of the Ancient World, </marc:subfield>
         <marc:subfield code="c">Small Collection</marc:subfield>
         <marc:subfield code="e">15 East 84th St., </marc:subfield>
         <marc:subfield code="e">New York, NY  10028</marc:subfield>
      </marc:datafield>
   </record>