
  
  
  
  
  
  
  
  
  
  
  
  
  
  
 
  
  <record xsi:schemaLocation="http://www.loc.gov/MARC21/slim http://www.loc.gov/standards/marcxml/schema/MARC21slim.xsd">
      <leader>00000cam a2200493Ii 4500</leader>
      <controlfield tag="FMT">BK</controlfield>
      <controlfield tag="LDR">00000cam a2200493Ii 4500</controlfield>
      <controlfield tag="001">006336004</controlfield>
      <controlfield tag="003">OCoLC</controlfield>
      <controlfield tag="005">20181108115035.0</controlfield>
      <controlfield tag="008">180611s2018    au abe   b    101 0 eng d</controlfield>
      <datafield tag="020" ind1=" " ind2=" ">
         <subfield code="a">9783700182047</subfield>
      </datafield>
      <datafield tag="020" ind1=" " ind2=" ">
         <subfield code="a">370018204X</subfield>
      </datafield>
      <datafield tag="035" ind1=" " ind2=" ">
         <subfield code="a">(OCoLC)1039998823</subfield>
         <subfield code="z">(OCoLC)1037809342</subfield>
      </datafield>
      <datafield tag="040" ind1=" " ind2=" ">
         <subfield code="a">ERASA</subfield>
         <subfield code="b">eng</subfield>
         <subfield code="e">rda</subfield>
         <subfield code="c">ERASA</subfield>
         <subfield code="d">YDX</subfield>
         <subfield code="d">OHX</subfield>
         <subfield code="d">ZCU</subfield>
         <subfield code="d">ZYU</subfield>
      </datafield>
      <datafield tag="050" ind1=" " ind2="4">
         <subfield code="a">CC77.L35</subfield>
         <subfield code="b">I584 2016</subfield>
      </datafield>
      <datafield tag="079" ind1=" " ind2=" ">
         <subfield code="a">(OCoLC)1039998823</subfield>
      </datafield>
      <datafield tag="082" ind1="0" ind2="4">
         <subfield code="a">930</subfield>
      </datafield>
      <datafield tag="111" ind1="2" ind2=" ">
         <subfield code="a">International Congress on the Archaeology of the Ancient Near East</subfield>
         <subfield code="n">(10th :</subfield>
         <subfield code="d">2016:</subfield>
         <subfield code="c">Vienna, Austria),</subfield>
         <subfield code="e">issuing body.</subfield>
      </datafield>
      <datafield tag="245" ind1="1" ind2="0">
         <subfield code="a">Landscape archaeology in Southern Caucasia :</subfield>
         <subfield code="b">finding common ground in diverse environments; proceedings of the workshop held at 10th ICAANE in Vienna, April 2016 /</subfield>
         <subfield code="c">William Anderson, Kristen Hopper, Abby Robinson (eds.).</subfield>
      </datafield>
      <datafield tag="264" ind1=" " ind2="1">
         <subfield code="a">Wien :</subfield>
         <subfield code="b">Verlag der Österreichischen Akademie der Wissenschafte,</subfield>
         <subfield code="c">[2018]</subfield>
      </datafield>
      <datafield tag="300" ind1=" " ind2=" ">
         <subfield code="a">167 pages :</subfield>
         <subfield code="b">illustrations (some color), maps (some color), plans ;</subfield>
         <subfield code="c">31 cm</subfield>
      </datafield>
      <datafield tag="336" ind1=" " ind2=" ">
         <subfield code="a">text</subfield>
         <subfield code="b">txt</subfield>
         <subfield code="2">rdacontent</subfield>
      </datafield>
      <datafield tag="337" ind1=" " ind2=" ">
         <subfield code="a">unmediated</subfield>
         <subfield code="b">n</subfield>
         <subfield code="2">rdamedia</subfield>
      </datafield>
      <datafield tag="338" ind1=" " ind2=" ">
         <subfield code="a">volume</subfield>
         <subfield code="b">nc</subfield>
         <subfield code="2">rdacarrier</subfield>
      </datafield>
      <datafield tag="490" ind1="1" ind2=" ">
         <subfield code="a">Oriental and European Archaeology</subfield>
         <subfield code="v">volume 8</subfield>
      </datafield>
      <datafield tag="504" ind1=" " ind2=" ">
         <subfield code="a">Includes bibliographical references and index.</subfield>
      </datafield>
      <datafield tag="505" ind1="0" ind2="0">
         <subfield code="t">Landscape Archaeology in Southern Caucasia : An Introduction /</subfield>
         <subfield code="r">Kristen Hopper, William Anderson, Abby Robinson --</subfield>
         <subfield code="t">Moving in the Mountains : GIS and Mapping the Phenomenology of Travel through the South Caucasus /</subfield>
         <subfield code="r">Lara Fabian --</subfield>
         <subfield code="t">Patterns of Settlement and Metallurgy in Late Bronze–Early Iron Age Kvemo Kartli, Southern Georgia /</subfield>
         <subfield code="r">Nathaniel L. Erb-Satullo --</subfield>
         <subfield code="t">The Archaeological Landscape of the Hrazdan River Basin during the Late Bronze–Early Iron Age /</subfield>
         <subfield code="r">Manuel Castelluccia --</subfield>
         <subfield code="t">A Survey Project on the Borderlands of Turkey, Armenia, Nakhchivan, North-western Iran : Preliminary Report of the 2014-2016 Surveys on the Middle Araxes Basin /</subfield>
         <subfield code="r">Ayhan Yardimciel, Mehmet Ali Özdemir, Mehmet Işıklı --</subfield>
         <subfield code="t">Prehistory from the Ploughsoil : Interpreting Artefact Distributions from Intensive Survey in the Highlands of Samtskhe-Javakheti, Southern Georgia /</subfield>
         <subfield code="r">William Anderson, Michelle Negus Cleary --</subfield>
         <subfield code="t">Phasis and its Landscape : Preliminary Report of the Archaeological Survey of the Lower Stream of the Rioni River /</subfield>
         <subfield code="r">Davit Naskidashvili --</subfield>
         <subfield code="t">Samshvilde : Multidisciplinary Approaches to a Historical City of Central Transcaucasia /</subfield>
         <subfield code="r">David Berikashvili --</subfield>
         <subfield code="t">Medieval Underground Shelters (Darnebi) of South-west Georgia /</subfield>
         <subfield code="r">Abby Robinson, Giorgi Khaburzania --</subfield>
         <subfield code="t">Approaching Landscapes of Infrastructure: Methods and Results of the Vayots Dzor Silk Road Survey /</subfield>
         <subfield code="r">Kathryn J. Franklin, Astghik Babajanyan --</subfield>
         <subfield code="t">Approaches to Understanding Provincial Structure in the Early Islamic Caucasus : Historic Landscape Characterisation in the Kura Plain /</subfield>
         <subfield code="r">Paul Wordsworth.</subfield>
      </datafield>
      <datafield tag="520" ind1="8" ind2=" ">
         <subfield code="a">Recent years have witnessed an explosion of research projects in Southern Caucasia that apply the methodologies and approaches of landscape archaeology. Focused on understanding the interaction between humans and their environments at multiple temporal and geographic scales, these projects have made use of intensive and extensive surveys, remote sensing and GIS-based analysis, very often taking a diachronic view. Landscape Archaeology in Southern Caucasia presents and reflects on projects currently employing these fresh perspectives and techniques in the lands between the Black and Caspian Seas, including and adjacent to the Greater and Lesser Caucasus mountain ranges; this takes in Armenia, Azerbaijan, Georgia, and parts of eastern Turkey and northwestern Iran. Through the centuries, this region has been a vital zone of contact between the Near East, Anatolia and Central Asia, but has also - in large part due to its remarkable and often difficult terrain of mountains, river valleys and plains - maintained a unique and fascinating local trajectory of development.0'Landscape Archaeology in Southern Caucasia' is the product of a workshop held at the 10th ICAANE in Vienna in April 2016, which brought together scholars from around the world engaged in archaeological survey and landscape analysis in Southern Caucasia. The contributions in the volume cover a broad timescale, from the Neolithic through the medieval period and into the modern day, and deal with such themes as the relationship between past and present landscapes, heritage management, the use of remote sensing, the value of integrating historical texts and legacy data into new projects, survey methodologies, and patterns of movement.</subfield>
      </datafield>
      <datafield tag="650" ind1=" " ind2="0">
         <subfield code="a">Landscape archaeology</subfield>
         <subfield code="z">Caucasus, South</subfield>
         <subfield code="v">Congresses.</subfield>
      </datafield>
      <datafield tag="650" ind1=" " ind2="0">
         <subfield code="a">Archaeology</subfield>
         <subfield code="z">Caucasus, South</subfield>
         <subfield code="x">Methodology</subfield>
         <subfield code="v">Congresses.</subfield>
      </datafield>
      <datafield tag="651" ind1=" " ind2="7">
         <subfield code="a">Caucasus (mountain range)</subfield>
         <subfield code="2">pleiades</subfield>
         <subfield code="0">https://pleiades.stoa.org/places/863766</subfield>
      </datafield>
      <datafield tag="650" ind1=" " ind2="7">
         <subfield code="a">Archaeology</subfield>
         <subfield code="x">Methodology.</subfield>
         <subfield code="2">fast</subfield>
         <subfield code="0">(OCoLC)fst00812969</subfield>
      </datafield>
      <datafield tag="650" ind1=" " ind2="7">
         <subfield code="a">Landscape archaeology.</subfield>
         <subfield code="2">fast</subfield>
         <subfield code="0">(OCoLC)fst00991791</subfield>
      </datafield>
      <datafield tag="651" ind1=" " ind2="7">
         <subfield code="a">Caucasus, South.</subfield>
         <subfield code="2">fast</subfield>
         <subfield code="0">(OCoLC)fst01865051</subfield>
      </datafield>
      <datafield tag="655" ind1=" " ind2="4">
         <subfield code="a">Electronic books.</subfield>
      </datafield>
      <datafield tag="655" ind1=" " ind2="7">
         <subfield code="a">Conference papers and proceedings.</subfield>
         <subfield code="2">fast</subfield>
         <subfield code="0">(OCoLC)fst01423772</subfield>
      </datafield>
      <datafield tag="700" ind1="1" ind2=" ">
         <subfield code="a">Anderson, William</subfield>
         <subfield code="c">(Archaeologist),</subfield>
         <subfield code="e">editor.</subfield>
      </datafield>
      <datafield tag="700" ind1="1" ind2=" ">
         <subfield code="a">Hopper, Kristen,</subfield>
         <subfield code="e">editor.</subfield>
      </datafield>
      <datafield tag="700" ind1="1" ind2=" ">
         <subfield code="a">Robinson, Abby</subfield>
         <subfield code="c">(Archaeologist),</subfield>
         <subfield code="e">editor.</subfield>
      </datafield>
      <datafield tag="830" ind1=" " ind2="0">
         <subfield code="a">Oriental and European archaeology ;</subfield>
         <subfield code="v">volume 8.</subfield>
      </datafield>
      <datafield tag="OWN" ind1=" " ind2=" ">
         <subfield code="a">GENERAL</subfield>
      </datafield>
      <datafield tag="AVA" ind1=" " ind2=" ">
         <subfield code="a">NYU50</subfield>
         <subfield code="b">NISAW</subfield>
         <subfield code="c">Large Collection</subfield>
         <subfield code="d">CC77.L35 I584 2016 Non-circulating</subfield>
         <subfield code="e">available</subfield>
         <subfield code="t">Available</subfield>
         <subfield code="f">1</subfield>
         <subfield code="g">0</subfield>
         <subfield code="h">N</subfield>
         <subfield code="i">0</subfield>
         <subfield code="j">LARGE</subfield>
         <subfield code="k">0</subfield>
      </datafield>
      <marc:datafield tag="852" ind1=" " ind2=" ">
         <marc:subfield code="b">Institute for the Study of the Ancient World, </marc:subfield>
         <marc:subfield code="c">Large Collection</marc:subfield>
         <marc:subfield code="e">15 East 84th St., </marc:subfield>
         <marc:subfield code="e">New York, NY  10028</marc:subfield>
      </marc:datafield>
   </record>