
  
  
  
  
  
  
  
  
  
  
  
  
  
  
  
  
 
  
  <record xsi:schemaLocation="http://www.loc.gov/MARC21/slim http://www.loc.gov/standards/marcxml/schema/MARC21slim.xsd">
      <leader>00000cam a2200889 a 4500</leader>
      <controlfield tag="FMT">BK</controlfield>
      <controlfield tag="LDR">00000cam a2200889 a 4500</controlfield>
      <controlfield tag="001">001494001</controlfield>
      <controlfield tag="003">OCoLC</controlfield>
      <controlfield tag="005">20180928165844.0</controlfield>
      <controlfield tag="008">990129s1998    gw abe   b    000 0 ger d</controlfield>
      <datafield tag="010" ind1=" " ind2=" ">
         <subfield code="a">00336147</subfield>
      </datafield>
      <datafield tag="015" ind1=" " ind2=" ">
         <subfield code="a">98,N41,0618</subfield>
         <subfield code="2">dnb</subfield>
      </datafield>
      <datafield tag="016" ind1="7" ind2=" ">
         <subfield code="a">954657144</subfield>
         <subfield code="2">DE-101</subfield>
      </datafield>
      <datafield tag="016" ind1="7" ind2=" ">
         <subfield code="a">007487221</subfield>
         <subfield code="2">Uk</subfield>
      </datafield>
      <datafield tag="020" ind1=" " ind2=" ">
         <subfield code="a">3805324901</subfield>
         <subfield code="q">(alk. paper)</subfield>
      </datafield>
      <datafield tag="020" ind1=" " ind2=" ">
         <subfield code="a">9783805324908</subfield>
         <subfield code="q">(alk. paper)</subfield>
      </datafield>
      <datafield tag="020" ind1=" " ind2=" ">
         <subfield code="a">380532491X</subfield>
         <subfield code="q">(Sonderhefte der antiken Welt)</subfield>
      </datafield>
      <datafield tag="020" ind1=" " ind2=" ">
         <subfield code="a">9783805324915</subfield>
         <subfield code="q">(Sonderhefte der antiken Welt)</subfield>
      </datafield>
      <datafield tag="035" ind1=" " ind2=" ">
         <subfield code="a">(OCoLC)40700108</subfield>
         <subfield code="z">(OCoLC)150833807</subfield>
      </datafield>
      <datafield tag="040" ind1=" " ind2=" ">
         <subfield code="a">HCH</subfield>
         <subfield code="b">eng</subfield>
         <subfield code="c">DLC</subfield>
         <subfield code="d">HCH</subfield>
         <subfield code="d">LVB</subfield>
         <subfield code="d">NLGGC</subfield>
         <subfield code="d">CUS</subfield>
         <subfield code="d">ZWZ</subfield>
         <subfield code="d">CHVBK</subfield>
         <subfield code="d">HEBIS</subfield>
         <subfield code="d">RPY</subfield>
         <subfield code="d">DEBSZ</subfield>
         <subfield code="d">UKMGB</subfield>
         <subfield code="d">MR4</subfield>
         <subfield code="d">OCLCF</subfield>
         <subfield code="d">OCLCQ</subfield>
         <subfield code="d">OCLCO</subfield>
         <subfield code="d">OCLCQ</subfield>
         <subfield code="d">DHA</subfield>
         <subfield code="d">OCLCQ</subfield>
      </datafield>
      <datafield tag="042" ind1=" " ind2=" ">
         <subfield code="a">lccopycat</subfield>
      </datafield>
      <datafield tag="043" ind1=" " ind2=" ">
         <subfield code="a">aw-----</subfield>
      </datafield>
      <datafield tag="050" ind1="0" ind2="0">
         <subfield code="a">DS56</subfield>
         <subfield code="b">.Z88 1998</subfield>
      </datafield>
      <datafield tag="050" ind1="1" ind2="4">
         <subfield code="a">DT60</subfield>
         <subfield code="b">.Z9 1998</subfield>
      </datafield>
      <datafield tag="079" ind1=" " ind2=" ">
         <subfield code="a">(OCoLC)40700108</subfield>
      </datafield>
      <datafield tag="082" ind1="0" ind2="0">
         <subfield code="a">930/.02/02</subfield>
         <subfield code="2">21</subfield>
      </datafield>
      <datafield tag="084" ind1=" " ind2=" ">
         <subfield code="a">15.33</subfield>
         <subfield code="2">bcl</subfield>
      </datafield>
      <datafield tag="245" ind1="0" ind2="0">
         <subfield code="a">Zwischen Tigris und Nil :</subfield>
         <subfield code="b">100 Jahre Ausgrabungen der Deutschen Orient-Gesellschaft in Vorderasien und Ägypten /</subfield>
         <subfield code="c">Gernot Wilhelm, Hrsg.</subfield>
      </datafield>
      <datafield tag="260" ind1=" " ind2=" ">
         <subfield code="a">Mainz am Rhein :</subfield>
         <subfield code="b">Philipp von Zabern,</subfield>
         <subfield code="c">©1998.</subfield>
      </datafield>
      <datafield tag="300" ind1=" " ind2=" ">
         <subfield code="a">144 pages :</subfield>
         <subfield code="b">illustrations (some color), map, plans ;</subfield>
         <subfield code="c">30 cm.</subfield>
      </datafield>
      <datafield tag="336" ind1=" " ind2=" ">
         <subfield code="a">text</subfield>
         <subfield code="b">txt</subfield>
         <subfield code="2">rdacontent</subfield>
      </datafield>
      <datafield tag="337" ind1=" " ind2=" ">
         <subfield code="a">unmediated</subfield>
         <subfield code="b">n</subfield>
         <subfield code="2">rdamedia</subfield>
      </datafield>
      <datafield tag="338" ind1=" " ind2=" ">
         <subfield code="a">volume</subfield>
         <subfield code="b">nc</subfield>
         <subfield code="2">rdacarrier</subfield>
      </datafield>
      <datafield tag="490" ind1="1" ind2=" ">
         <subfield code="a">Sonderhefte der Antiken Welt</subfield>
      </datafield>
      <datafield tag="490" ind1="1" ind2=" ">
         <subfield code="a">Zaberns Bildbände zur Archäologie</subfield>
      </datafield>
      <datafield tag="500" ind1=" " ind2=" ">
         <subfield code="a">ISAW copy is from the library of Lawrence E. Stager.</subfield>
         <subfield code="5">NyNyUAW</subfield>
      </datafield>
      <datafield tag="500" ind1=" " ind2=" ">
         <subfield code="a">'Zeittafel': p. [140-141].</subfield>
      </datafield>
      <datafield tag="504" ind1=" " ind2=" ">
         <subfield code="a">Includes bibliographical references.</subfield>
      </datafield>
      <datafield tag="505" ind1="0" ind2=" ">
         <subfield code="a">James Simon: Gründer und Mäzan der DOG / Olaf Matthes. -- 100 Jahre Ausgrabungen der Deutschen Orient-Gesellschaft / Gernot Wilhelm. -- Ein Vorläufer der DOG: Das Orient-Comité / Nicola Crüsemann. -- Babylonien. 1898-1917: Babylon -- Stadt des Marduk und Zentrum des Kosmos / Gernot Wilhelm. -- 1902-1903: Schuruppak (Fāra) -- Stadt Utnapischtims, des babylonischen Noah / Marlies Heinz. -- 1912/13: Uruk (Warka) -- Die Stadt des Gilgamesch und der Ischtar / Margarete van Ess. -- 1978-1980: Tall Aḥmad al-Ḥattū -- Ausgrabungen im Ḥamrīn-Stauseegebiet / Dietrich Sürenhagen. -- Assyrien. 1903-1914: Assur -- Das Herz eines Weltreiches / Stefan M. Maul. -- 1913/1914: Kar-Tukulti-Ninurta -- Eine mittelassyrische Residenzstadt / Helmut Freydank. -- 1907-1911: Hatra -- Feldarchäologie im Schnelldurchlauf / Joachim Marzahn. -- Ägypten. 1902-1908: Grabungen im Pyramidenfeld von Abusir / Rolf Krauss. -- 1905-1906: Zwei Kampagnen im vorgeschichtlichen Friedhof von Abusir el-Meleq / Rolf Krauss. -- 1911-1914: Vier Grabungswinter in Amarna / Rolf Krauss.</subfield>
      </datafield>
      <datafield tag="505" ind1="0" ind2=" ">
         <subfield code="a">Anatolien. 1906-1912: Hattuscha (Boğazköy) Die Hauptstadt der Hethiter / Volkert Haas. -- Palästina. 1903-1909: Die Arbeit der DOG in Palästina / Volkmar Fritz. -- Syrien. 1969-1975: Ḥabūba Kabīra -- Ein Handelszentrum am mittleren Euphrat / Kay Kohlmeyer. -- 1969-1994: Ekalte (Tall Munbāqa) -- Eine bronzezeitliche Stadt in Syrien / Dittmar Machule. -- 1980-1995: Tuttul (Tall Bīʻa) -- Ausgrabungen in der Stadt des Gottes Dagan / Manfred Krebernik, Eva Strommenger. -- 1989: Tall Mullā Maṭar -- Ein Dorf des 5.-3. Jts. v. Chr. am Hābūr / Dietrich Sürenhagen.</subfield>
      </datafield>
      <datafield tag="651" ind1=" " ind2="7">
         <subfield code="a">Middle East (general region)</subfield>
         <subfield code="2">tgn</subfield>
         <subfield code="0">http://vocab.getty.edu/page/tgn/7001526</subfield>
         <subfield code="5">NyNyUAW</subfield>
      </datafield>
      <datafield tag="610" ind1="2" ind2="0">
         <subfield code="a">Deutsche Orient-Gesellschaft.</subfield>
      </datafield>
      <datafield tag="610" ind1="2" ind2="6">
         <subfield code="a">Deutsche Orient-Gesellschaft.</subfield>
      </datafield>
      <datafield tag="610" ind1="2" ind2="7">
         <subfield code="a">Deutsche Orient-Gesellschaft.</subfield>
         <subfield code="2">fast</subfield>
         <subfield code="0">(OCoLC)fst00552360</subfield>
      </datafield>
      <datafield tag="610" ind1="2" ind2="7">
         <subfield code="a">Deutsche Orient-Gesellschaft.</subfield>
         <subfield code="2">swd</subfield>
      </datafield>
      <datafield tag="650" ind1=" " ind2="0">
         <subfield code="a">Excavations (Archaeology)</subfield>
         <subfield code="z">Middle East.</subfield>
      </datafield>
      <datafield tag="651" ind1=" " ind2="0">
         <subfield code="a">Middle East</subfield>
         <subfield code="x">Antiquities.</subfield>
      </datafield>
      <datafield tag="650" ind1=" " ind2="6">
         <subfield code="a">Fouilles (Archéologie)</subfield>
         <subfield code="z">Moyen-Orient.</subfield>
      </datafield>
      <datafield tag="651" ind1=" " ind2="6">
         <subfield code="a">Moyen-Orient</subfield>
         <subfield code="x">Antiquités.</subfield>
      </datafield>
      <datafield tag="651" ind1=" " ind2="6">
         <subfield code="a">Égypte</subfield>
         <subfield code="x">Antiquités.</subfield>
      </datafield>
      <datafield tag="650" ind1=" " ind2="7">
         <subfield code="a">Antiquities.</subfield>
         <subfield code="2">fast</subfield>
         <subfield code="0">(OCoLC)fst00810745</subfield>
      </datafield>
      <datafield tag="650" ind1=" " ind2="7">
         <subfield code="a">Excavations (Archaeology)</subfield>
         <subfield code="2">fast</subfield>
         <subfield code="0">(OCoLC)fst00917564</subfield>
      </datafield>
      <datafield tag="651" ind1=" " ind2="7">
         <subfield code="a">Middle East.</subfield>
         <subfield code="2">fast</subfield>
         <subfield code="0">(OCoLC)fst01241586</subfield>
      </datafield>
      <datafield tag="650" ind1="1" ind2="7">
         <subfield code="a">Opgravingen.</subfield>
         <subfield code="2">gtt</subfield>
      </datafield>
      <datafield tag="650" ind1=" " ind2="7">
         <subfield code="a">Archäologie</subfield>
         <subfield code="z">Naher Osten</subfield>
         <subfield code="y">Geschichte 19. Jh.</subfield>
         <subfield code="2">idsbb</subfield>
      </datafield>
      <datafield tag="650" ind1=" " ind2="7">
         <subfield code="a">Archäologie</subfield>
         <subfield code="z">Naher Osten</subfield>
         <subfield code="y">Geschichte 20. Jh.</subfield>
         <subfield code="2">idsbb</subfield>
      </datafield>
      <datafield tag="650" ind1=" " ind2="7">
         <subfield code="a">Archäologie</subfield>
         <subfield code="z">Ägypten</subfield>
         <subfield code="y">Geschichte 20. Jh.</subfield>
         <subfield code="2">idsbb</subfield>
      </datafield>
      <datafield tag="650" ind1=" " ind2="7">
         <subfield code="a">Archäologie</subfield>
         <subfield code="z">Ägypten</subfield>
         <subfield code="y">Geschichte 19. Jh.</subfield>
         <subfield code="2">idsbb</subfield>
      </datafield>
      <datafield tag="650" ind1=" " ind2="7">
         <subfield code="a">Deutsche Orient-Gesellschaft</subfield>
         <subfield code="x">Archäologie</subfield>
         <subfield code="y">Geschichte.</subfield>
         <subfield code="2">idsbb</subfield>
      </datafield>
      <datafield tag="650" ind1=" " ind2="7">
         <subfield code="a">Fouilles archéologiques</subfield>
         <subfield code="z">Proche-Orient.</subfield>
         <subfield code="2">ram</subfield>
      </datafield>
      <datafield tag="650" ind1=" " ind2="7">
         <subfield code="a">Expéditions archéologiques</subfield>
         <subfield code="z">Moyen-Orient</subfield>
         <subfield code="x">Histoire.</subfield>
         <subfield code="2">ram</subfield>
      </datafield>
      <datafield tag="650" ind1=" " ind2="7">
         <subfield code="a">Expéditions archéologiques</subfield>
         <subfield code="z">Proche-Orient</subfield>
         <subfield code="x">Histoire.</subfield>
         <subfield code="2">ram</subfield>
      </datafield>
      <datafield tag="651" ind1=" " ind2="7">
         <subfield code="a">Proche-Orient</subfield>
         <subfield code="x">Antiquités.</subfield>
         <subfield code="2">ram</subfield>
      </datafield>
      <datafield tag="651" ind1=" " ind2="7">
         <subfield code="a">Moyen-Orient</subfield>
         <subfield code="x">Antiquités.</subfield>
         <subfield code="2">ram</subfield>
      </datafield>
      <datafield tag="651" ind1=" " ind2="7">
         <subfield code="a">Égypte</subfield>
         <subfield code="x">Antiquités.</subfield>
         <subfield code="2">ram</subfield>
      </datafield>
      <datafield tag="650" ind1="0" ind2="7">
         <subfield code="a">Ausgrabung.</subfield>
         <subfield code="2">swd</subfield>
      </datafield>
      <datafield tag="651" ind1=" " ind2="7">
         <subfield code="a">Alter Orient.</subfield>
         <subfield code="2">swd</subfield>
      </datafield>
      <datafield tag="650" ind1=" " ind2="0">
         <subfield code="a">Excavations (Archaeology)</subfield>
         <subfield code="z">Egypt.</subfield>
      </datafield>
      <datafield tag="651" ind1=" " ind2="0">
         <subfield code="a">Egypt</subfield>
         <subfield code="x">Antiquities.</subfield>
      </datafield>
      <datafield tag="700" ind1="1" ind2=" ">
         <subfield code="a">Stager, Lawrence E.,</subfield>
         <subfield code="e">former owner.</subfield>
         <subfield code="5">NyNyUAW</subfield>
      </datafield>
      <datafield tag="740" ind1="0" ind2=" ">
         <subfield code="a">Stager Collection.</subfield>
         <subfield code="5">NyNyUAW</subfield>
      </datafield>
      <datafield tag="700" ind1="1" ind2=" ">
         <subfield code="a">Wilhelm, Gernot.</subfield>
      </datafield>
      <datafield tag="776" ind1="0" ind2="8">
         <subfield code="i">Online version:</subfield>
         <subfield code="t">Zwischen Tigris und Nil.</subfield>
         <subfield code="d">Mainz am Rhein : Philipp von Zabern, ©1998</subfield>
         <subfield code="w">(OCoLC)607130961</subfield>
      </datafield>
      <datafield tag="776" ind1="0" ind2="8">
         <subfield code="i">Online version:</subfield>
         <subfield code="t">Zwischen Tigris und Nil.</subfield>
         <subfield code="d">Mainz am Rhein : Philipp von Zabern, ©1998</subfield>
         <subfield code="w">(OCoLC)609344257</subfield>
      </datafield>
      <datafield tag="830" ind1=" " ind2="0">
         <subfield code="a">Sonderhefte der Antiken Welt.</subfield>
      </datafield>
      <datafield tag="830" ind1=" " ind2="0">
         <subfield code="a">Zaberns Bildbände zur Archäologie.</subfield>
      </datafield>
      <datafield tag="OWN" ind1=" " ind2=" ">
         <subfield code="a">GENERAL</subfield>
      </datafield>
      <datafield tag="AVA" ind1=" " ind2=" ">
         <subfield code="a">NYU50</subfield>
         <subfield code="b">BOBST</subfield>
         <subfield code="c">Main Collection</subfield>
         <subfield code="d">DT60 .Z96 1998 Oversize</subfield>
         <subfield code="e">unavailable</subfield>
         <subfield code="t">Unavailable</subfield>
         <subfield code="f">1</subfield>
         <subfield code="g">1</subfield>
         <subfield code="h">N</subfield>
         <subfield code="i">0</subfield>
         <subfield code="j">MAIN</subfield>
         <subfield code="k">0</subfield>
      </datafield>
      <datafield tag="AVA" ind1=" " ind2=" ">
         <subfield code="a">NYU50</subfield>
         <subfield code="b">NIFA</subfield>
         <subfield code="c">Egyptian</subfield>
         <subfield code="d">DT60 .Z96 1998 Non-circulating</subfield>
         <subfield code="e">available</subfield>
         <subfield code="t">Available</subfield>
         <subfield code="f">1</subfield>
         <subfield code="g">0</subfield>
         <subfield code="h">N</subfield>
         <subfield code="i">0</subfield>
         <subfield code="j">EGYPT</subfield>
         <subfield code="k">0</subfield>
      </datafield>
      <datafield tag="AVA" ind1=" " ind2=" ">
         <subfield code="a">NYU50</subfield>
         <subfield code="b">NISAW</subfield>
         <subfield code="c">Large Collection</subfield>
         <subfield code="d">DS56 .Z88 1998 Non-circulating</subfield>
         <subfield code="e">available</subfield>
         <subfield code="t">Available</subfield>
         <subfield code="f">1</subfield>
         <subfield code="g">0</subfield>
         <subfield code="h">N</subfield>
         <subfield code="i">0</subfield>
         <subfield code="j">LARGE</subfield>
         <subfield code="k">0</subfield>
      </datafield>
      <marc:datafield tag="852" ind1=" " ind2=" ">
         <marc:subfield code="b">Institute for the Study of the Ancient World, </marc:subfield>
         <marc:subfield code="c">Large Collection</marc:subfield>
         <marc:subfield code="e">15 East 84th St., </marc:subfield>
         <marc:subfield code="e">New York, NY  10028</marc:subfield>
      </marc:datafield>
   </record>