
  
  
  
  
  
  
  
  
  
  
  
  
  
  
 
  
  <record xsi:schemaLocation="http://www.loc.gov/MARC21/slim http://www.loc.gov/standards/marcxml/schema/MARC21slim.xsd">
      <leader>00000cam a2200577 a 4500</leader>
      <controlfield tag="FMT">BK</controlfield>
      <controlfield tag="LDR">00000cam a2200577 a 4500</controlfield>
      <controlfield tag="001">003716602</controlfield>
      <controlfield tag="003">OCoLC</controlfield>
      <controlfield tag="005">20180928093722.0</controlfield>
      <controlfield tag="008">110805s2011    is a     b    000 0 eng d</controlfield>
      <datafield tag="016" ind1="7" ind2=" ">
         <subfield code="a">015853651</subfield>
         <subfield code="2">Uk</subfield>
      </datafield>
      <datafield tag="016" ind1="7" ind2=" ">
         <subfield code="a">003152867</subfield>
         <subfield code="2">IsJJNL</subfield>
      </datafield>
      <datafield tag="020" ind1=" " ind2=" ">
         <subfield code="a">9789652210838</subfield>
      </datafield>
      <datafield tag="020" ind1=" " ind2=" ">
         <subfield code="a">9652210838</subfield>
      </datafield>
      <datafield tag="035" ind1="7" ind2=" ">
         <subfield code="a">jb80851</subfield>
      </datafield>
      <datafield tag="035" ind1=" " ind2=" ">
         <subfield code="a">(OCoLC)745402581</subfield>
         <subfield code="z">(OCoLC)747276921</subfield>
      </datafield>
      <datafield tag="040" ind1=" " ind2=" ">
         <subfield code="a">I8H</subfield>
         <subfield code="b">eng</subfield>
         <subfield code="c">I8H</subfield>
         <subfield code="d">CUS</subfield>
         <subfield code="d">DEBBG</subfield>
         <subfield code="d">UKMGB</subfield>
         <subfield code="d">J9U</subfield>
         <subfield code="d">YDXCP</subfield>
         <subfield code="d">DTM</subfield>
         <subfield code="d">LOA</subfield>
         <subfield code="d">CUY</subfield>
         <subfield code="d">NNU</subfield>
      </datafield>
      <datafield tag="043" ind1=" " ind2=" ">
         <subfield code="a">a-iq---</subfield>
         <subfield code="a">aw-----</subfield>
      </datafield>
      <datafield tag="050" ind1=" " ind2="4">
         <subfield code="a">DS69.5</subfield>
         <subfield code="b">.T33 2011</subfield>
      </datafield>
      <datafield tag="079" ind1=" " ind2=" ">
         <subfield code="a">(OCoLC)745402581</subfield>
      </datafield>
      <datafield tag="082" ind1=" " ind2="4">
         <subfield code="a">QB930</subfield>
      </datafield>
      <datafield tag="084" ind1=" " ind2=" ">
         <subfield code="a">BC 8300</subfield>
         <subfield code="2">rvk</subfield>
      </datafield>
      <datafield tag="100" ind1="1" ind2=" ">
         <subfield code="a">Tadmor, Hayim.</subfield>
      </datafield>
      <datafield tag="245" ind1="1" ind2="0">
         <subfield code="a">With my many chariots I have gone up the heights of mountains :</subfield>
         <subfield code="b">historical and literary studies on ancient Mesopotamia and Israel /</subfield>
         <subfield code="c">Hayim Tadmor ; edited by Mordechai Cogan.</subfield>
      </datafield>
      <datafield tag="246" ind1="1" ind2="4">
         <subfield code="a">With my many chariots I have gone up the heights of the mountains</subfield>
      </datafield>
      <datafield tag="260" ind1=" " ind2=" ">
         <subfield code="a">Jerusalem :</subfield>
         <subfield code="b">Israel Exploration Society,</subfield>
         <subfield code="c">c2011.</subfield>
      </datafield>
      <datafield tag="300" ind1=" " ind2=" ">
         <subfield code="a">xxix, 942 p. :</subfield>
         <subfield code="b">ill. ;</subfield>
         <subfield code="c">25 cm.</subfield>
      </datafield>
      <datafield tag="500" ind1=" " ind2=" ">
         <subfield code="a">ISAW copy is from the library of Lawrence E. Stager.</subfield>
         <subfield code="5">NyNyUAW</subfield>
      </datafield>
      <datafield tag="504" ind1=" " ind2=" ">
         <subfield code="a">Includes bibliographical references.</subfield>
      </datafield>
      <datafield tag="505" ind1="0" ind2=" ">
         <subfield code="a">Propaganda, literature, historiography : cracking the code of the Assyrian royal inscriptions -- History and ideology in the Assyrian royal inscriptions -- Observations on Assyrian historiography -- Sennacherib, king of justice -- Autobiographical apology in the royal Assyrian literature -- World dominion : the expanding horizon of the Assyrain empire -- Temple city and royal city in Babylonia and Assyria -- Monarchy and the elite in Assyria and Babylonia : the question of royal accountability -- The role of the chief eunuch and the place of the eunuchs in the Assyrian empire -- The Aramization of Assyria : aspects of western impact -- Treaty and oath in the Ancient Near East : a historian's approach -- The campaigns of Sargon II of Assur : a chronological-historical study -- The historical inscriptions of Adad-nirari III -- The urbi of Hezekiah -- An Assyrian victory chant and related matters -- Observations on two inscriptions of Esarhaddon : prism Nineveh A and the letter to the God -- Gyges and Ashurbanipal : a study in literary transmission -- Nabopolassar and Sin-shum-lishir in a literary perspective -- The inscriptions of Nabunaid : historical arrangement -- Heavenly wisdom -- Fragments of clay liver moderls from Hazor -- A lawsuit from Hazor -- A lexicographical text from Hazor -- The seal of Bel-Asharedu : a case of "migration" --</subfield>
      </datafield>
      <datafield tag="505" ind1="0" ind2=" ">
         <subfield code="a">The chronology of the Ancient Near East in the second millennium BCE -- The chronology of the First Temple period : a presentation and evaluation of the sources -- Hammurabi and his age -- The decline of empires in Western Asia ca. 1200 BCE -- Philistia under Assyrain rule -- Sennacherib's campaign to Judah : historical and historiographical considerations -- The sin of Sargon and Sennacherib's last will -- Darius I, Pseudo-Smerdis, and the magi -- "The people" and the kingship in ancient Israel : the role of political institutions in the biblical period -- The historical background of the prophecies of Hosea -- The Meunites in the book of Chronicles in the light of an Assyrian document -- Ahaz and Tiglath-Pilezer in the book of Kings : historiographic considerations -- Some aspects of the history of Samaria during the biblical period -- The rise of Cyrus and the historical background of his declaration -- "The appointed time has not yet arrived" : the historical background of Haggai 1:2 -- The origins of Israel as seen in the exilic and post-exilic ages -- "And if given strength, eighty years" : the terms for longevity in Akkadian, biblical Hebrew and Mishnaic Hebrew -- Nineveh, Calah and Israel : on Assyriology and the origins of biblical archaeology -- Thoughts concerning assyriology and its relationship to the study of the Bible and the history of the people of Israel during the biblical period -- The nascence and development of the Department of Assyriology at the Hebrew University of Jerusalem.</subfield>
      </datafield>
      <datafield tag="650" ind1=" " ind2="0">
         <subfield code="a">Jews</subfield>
         <subfield code="x">History</subfield>
         <subfield code="y">To 70 A.D.</subfield>
      </datafield>
      <datafield tag="651" ind1=" " ind2="0">
         <subfield code="a">Iraq</subfield>
         <subfield code="x">History</subfield>
         <subfield code="y">To 634.</subfield>
      </datafield>
      <datafield tag="651" ind1=" " ind2="0">
         <subfield code="a">Iraq</subfield>
         <subfield code="x">Civilization</subfield>
         <subfield code="y">To 634.</subfield>
      </datafield>
      <datafield tag="651" ind1=" " ind2="0">
         <subfield code="a">Middle East</subfield>
         <subfield code="x">History</subfield>
         <subfield code="y">To 622.</subfield>
      </datafield>
      <datafield tag="651" ind1=" " ind2="0">
         <subfield code="a">Middle East</subfield>
         <subfield code="x">Civilization</subfield>
         <subfield code="y">To 622.</subfield>
      </datafield>
      <datafield tag="700" ind1="1" ind2=" ">
         <subfield code="a">Stager, Lawrence E.,</subfield>
         <subfield code="e">former owner.</subfield>
         <subfield code="5">NyNyUAW</subfield>
      </datafield>
      <datafield tag="740" ind1="0" ind2=" ">
         <subfield code="a">Stager Collection.</subfield>
         <subfield code="5">NyNyUAW</subfield>
      </datafield>
      <datafield tag="700" ind1="1" ind2=" ">
         <subfield code="a">Cogan, Mordechai.</subfield>
      </datafield>
      <datafield tag="856" ind1=" " ind2=" ">
         <subfield code="u">http://bvbr.bib-bvb.de:8991/F?func=service&amp;doc_library=BVB01&amp;doc_number=024394481&amp;line_number=0001&amp;func_code=DB_RECORDS&amp;service_type=MEDIA</subfield>
         <subfield code="z">Inhaltsverzeichnis</subfield>
      </datafield>
      <datafield tag="OWN" ind1=" " ind2=" ">
         <subfield code="a">GENERAL</subfield>
      </datafield>
      <datafield tag="AVA" ind1=" " ind2=" ">
         <subfield code="a">NYU50</subfield>
         <subfield code="b">BOBST</subfield>
         <subfield code="c">Main Collection</subfield>
         <subfield code="d">DS69.5 .T33 2011</subfield>
         <subfield code="e">available</subfield>
         <subfield code="t">Available</subfield>
         <subfield code="f">1</subfield>
         <subfield code="g">0</subfield>
         <subfield code="h">N</subfield>
         <subfield code="i">4</subfield>
         <subfield code="j">MAIN</subfield>
         <subfield code="k">0</subfield>
      </datafield>
      <datafield tag="AVA" ind1=" " ind2=" ">
         <subfield code="a">NYU50</subfield>
         <subfield code="b">NISAW</subfield>
         <subfield code="c">Small Collection</subfield>
         <subfield code="d">DS69.5 .T33 2011 Non-circulating</subfield>
         <subfield code="e">available</subfield>
         <subfield code="t">Available</subfield>
         <subfield code="f">1</subfield>
         <subfield code="g">0</subfield>
         <subfield code="h">N</subfield>
         <subfield code="i">0</subfield>
         <subfield code="j">SMALL</subfield>
         <subfield code="k">0</subfield>
      </datafield>
      <marc:datafield tag="852" ind1=" " ind2=" ">
         <marc:subfield code="b">Institute for the Study of the Ancient World, </marc:subfield>
         <marc:subfield code="c">Small Collection</marc:subfield>
         <marc:subfield code="e">15 East 84th St., </marc:subfield>
         <marc:subfield code="e">New York, NY  10028</marc:subfield>
      </marc:datafield>
   </record>